2750 4255
596 324 825 384 COMM.
853 326 953 382 111.
996 324 1150 382 GAP.
1178 324 1836 381 LXXVHH—LXXXII.
2052 319 2171 384 lm

244 511 471 557 nonam
512 493 795 572 oppidum
837 492 1141 552 altissimis
1184 491 1500 552 moenibus
1543 508 1887 571 oppugnare
1929 492 2171 569 adgres-

244 598 355 639 sus
384 584 520 638 ante
552 577 694 637 solis
725 594 999 637 occasum
1031 576 1391 655 expugnavit
1420 583 1482 636 et
1522 577 1594 636 ad
1626 576 2030 654 diripiendum
2059 578 2173 636 mi-

248 662 463 724 litibus
503 662 828 727 concessit,
881 662 1198 739 statimque
1242 659 1315 720 ab
1368 660 1590 738 oppido
1638 668 1830 720 castra
1882 661 2065 720 movit
2115 666 2176 720 et

248 746 629 825 Metropolim
658 747 839 813 venit,
864 747 952 804 sic
984 754 1050 804 ut
1078 746 1321 804 nuntios
1337 745 1661 823 expugnati
1694 744 1895 823 oppidi
1927 744 2171 804 famam·

245 849 370 911 que
398 829 795 891 antecederet.
1802 830 1810 837 '

381 912 641 974 LXXXI.
729 912 1134 991 Metropolitae
1193 915 1455 992 primum
1514 913 1723 973 eodem
1775 915 1868 974 usi
1924 912 2172 973 consilio
2196 921 2226 971 1

248 1000 443 1060 isdem
494 998 752 1077 permoti
800 995 1142 1057 rumoribus
1199 1005 1403 1076 portas
1452 997 1796 1058 clauserunt
1852 1015 2173 1076 murosque

251 1084 499 1144 armatis
550 1082 1033 1160 compleverunt,
1089 1080 1193 1140 sed
1245 1089 1450 1160 postea
1502 1098 1644 1141 casu
1695 1083 1957 1141 civitatis
2000 1080 2173 1141 Gom·

249 1168 500 1247 phensis
529 1167 768 1242 cognito
799 1183 871 1225 ex
902 1166 1179 1244 captiviS,
1227 1183 1374 1245 quos
1405 1165 1620 1226 Caesar
1656 1165 1729 1226 ad
1769 1184 2006 1226 murum
2038 1182 2175 1245 pro-

247 1249 558 1312 ducendos
587 1256 912 1317 curaverat,
955 1257 1159 1328 portas
1194 1258 1575 1328 aperuerunt.
1646 1247 1876 1319 Quibus
1916 1247 2167 1326 diligen-
2194 1258 2227 1307 2

252 1337 487 1396 tissime
538 1335 933 1401 conservatis,
993 1333 1201 1394 collata
1252 1334 1491 1393 fortuna
1542 1333 1982 1412 Metropolitum
2040 1351 2176 1394 cum

248 1438 395 1480 casu
437 1417 903 1498 Gomphensium
943 1418 1103 1478 nulla
1143 1416 1485 1478 Thessaliae
1529 1419 1644 1477 fuit
1686 1419 1895 1477 civitas
1937 1425 2176 1496 praeter

250 1504 598 1572 Larisaeos,
642 1502 746 1581 qui
789 1503 1022 1579 magnis
1056 1501 1416 1562 exercitibus
1458 1500 1756 1580 Scipionis
1797 1500 2172 1571 tenebantur,

251 1590 400 1665 quin
442 1586 680 1648 Caesari
731 1591 974 1665 pareret
1018 1594 1195 1665 atque
1245 1589 1535 1664 imperata
1576 1586 1817 1645 faceret.
1899 1585 2002 1645 Ille
2048 1586 2231 1646 ido-3

254 1690 434 1732 neum
464 1671 660 1731 locum
692 1673 753 1731 in
786 1672 949 1748 agris
977 1678 1205 1740 nactuS,
1238 1688 1355 1749 quo
1386 1687 1574 1749 prope
1602 1671 1719 1730 iam
1750 1677 1981 1730 matura
2006 1678 2178 1730 erant

248 1754 594 1834 frumenta,
627 1754 712 1815 ibi
747 1754 1063 1815 adventum
1094 1761 1411 1834 expectare
1440 1753 1687 1833 Pompei
1719 1771 1908 1830 eoque
1940 1772 2177 1815 omnem

257 1840 402 1901 belli
440 1839 728 1899 rationem
759 1840 1033 1899 conferre
1064 1840 1392 1899 constituit.

384 1921 674 1983 LXXXII.
732 1923 1051 2003 Pompeius
1079 1924 1286 2002 paucis
1314 1930 1449 2000 post
1478 1920 1692 1982 diebus
1721 1924 1783 1982 in
1808 1921 2174 1982 Thessaliam
2200 1931 2229 1981 1

255 2008 536 2089 pervenit
582 2008 1070 2086 contionatusque
1125 2006 1280 2085 apud
1338 2013 1620 2079 cunctum
1670 2008 2001 2066 exercitum
2052 2007 2178 2066 suis

256 2093 384 2170 agit
423 2092 675 2169 gratias,
726 2089 1020 2171 Scipionis
1060 2089 1283 2152 milites
1320 2090 1695 2161 cohortatur,
1746 2100 1810 2152 ut
1849 2098 2017 2170 parta
2058 2092 2178 2152 iam

258 2177 511 2237 victoria
561 2174 813 2254 praedae
853 2193 920 2235 ac
971 2178 1371 2255 praemiorum
1416 2176 1601 2236 velint
1651 2193 1780 2236 esse
1830 2176 2176 2255 participes,

258 2262 637 2339 receptisque
669 2258 946 2320 omnibus
991 2262 1053 2321 in
1084 2278 1199 2321 una
1230 2268 1424 2321 castra
1468 2259 1805 2337 legionibus
1838 2278 2010 2320 suum
2041 2277 2178 2320 cum

259 2344 539 2424 Scipione
580 2344 866 2404 honorem
907 2346 1164 2421 partitur
1207 2345 1637 2423 classicumque
1677 2345 1834 2424 apud
1875 2362 2010 2403 eum
2043 2346 2175 2405 cani

255 2437 323 2491 et
372 2428 622 2490 alterum
673 2427 759 2487 illi
818 2425 984 2488 iubet
1039 2431 1409 2507 praetorium
1459 2429 1647 2489 tendi.
1735 2430 1938 2490 Auctis
1985 2430 2230 2507 copiis2

256 2513 503 2591 Pompei
534 2510 884 2590 duobusque
914 2513 1146 2588 magnis
1174 2512 1544 2574 exercitibus
1563 2513 1895 2573 coniunctis
1923 2514 2178 2592 pristina

254 2599 524 2658 omnium
575 2596 961 2656 confirmatur
1006 2598 1210 2675 opinio
1268 2606 1328 2658 et
1386 2615 1522 2675 spes
1570 2599 1852 2657 victoriae
1906 2605 2175 2675 augetur,

255 2681 409 2742 adeo
439 2687 522 2750 ut,
555 2679 846 2760 quidquid
876 2681 1278 2742 intercederet
1309 2682 1613 2760 temporis,
1659 2682 1719 2743 id
1761 2680 1979 2741 morari
2022 2680 2177 2742 redi·

253 2774 385 2828 tum
426 2767 489 2824 in
520 2764 747 2825 ltaliam
788 2764 1127 2834 videretur,
1172 2773 1261 2834 et,
1305 2767 1357 2825 si
1400 2765 1636 2845 quando
1676 2766 1821 2846 quid
1859 2765 2181 2844 Pompeius

255 2848 490 2909 tardius
531 2856 633 2908 aut
672 2848 1107 2909 consideratius
1158 2850 1416 2919 faceret,
1469 2849 1644 2909 unius
1694 2868 1823 2910 esse
1875 2849 2178 2926 negotium

254 2931 398 3002 diei,
430 2932 533 2993 sed
567 2930 731 2992 illum
755 2932 1038 2993 delectari
1073 2934 1329 3011 imperio
1360 2939 1421 2992 et
1443 2932 1788 2995 consulares
1816 2935 2177 3011 praetorios·

254 3035 376 3096 que
404 3033 712 3077 servorum
743 3015 967 3077 habere
999 3034 1247 3077 numero
1277 3017 1568 3078 dicerent.
1641 3016 1880 3096 Iamque
1920 3019 2082 3078 inter
2108 3035 2172 3077 se
2194 3024 2230 3075 2

257 3101 454 3180 palam
485 3100 557 3160 de
588 3101 875 3178 praemiis
905 3118 972 3160 ac
1003 3100 1352 3161 sacerdotiis
1394 3101 1831 3163 contendebant
1871 3103 1935 3162 in
1964 3119 2177 3162 annos-

256 3202 376 3263 que
405 3184 781 3245 consulatum
811 3182 1203 3252 deliniebant,
1246 3184 1348 3245 alii
1392 3184 1596 3245 domos
1635 3184 1908 3265 bonaque
1949 3203 2176 3255 eorum,

256 3270 362 3348 qui
404 3270 468 3329 in
508 3268 726 3328 castris
756 3274 926 3327 erant
957 3267 1256 3337 Caesaris,
1301 3267 1610 3347 petebant:
1653 3287 1980 3349 magnaque
2022 3268 2232 3330 intera

259 3369 365 3413 eos
392 3354 457 3413 in
485 3351 738 3412 consilio
769 3351 884 3411 fuit
912 3353 1334 3421 controversia,
1365 3359 1744 3431 oporteretne
1765 3353 1959 3414 Lucili
1990 3353 2178 3424 Hirri,

257 3436 418 3516 quod
450 3437 503 3495 is
532 3454 566 3496 a
597 3433 876 3513 Pompeio
907 3436 981 3496 ad
1011 3436 1263 3498 Parthos
1292 3438 1511 3497 missus
1544 3444 1720 3508 esset,
1764 3440 2052 3515 proximis
2080 3456 2179 3498 co-

257 3521 450 3581 mitiis
477 3521 798 3596 praetoriis
828 3517 1097 3582 absentis
1127 3522 1422 3581 rationem
1462 3519 1692 3589 haberi,
1736 3539 1872 3581 cum
1916 3523 2045 3582 eius
2073 3539 2182 3582 ne·

255 3606 508 3666 cessarii
537 3604 717 3666 fidem
747 3604 1142 3685 implorarent
1169 3604 1434 3686 Pompei,
1467 3612 1816 3685 praestaret,
1851 3605 2009 3685 quod
2037 3624 2180 3686 pro·
