2750 4255
577 309 667 382 42
1222 311 1320 376 DE
1359 310 1593 374 BELLO
1637 311 1753 367 CIV
1758 311 1857 367 1121

526 491 563 542 Β
585 480 947 549 habuerunt,
980 496 1086 542 sua
1117 485 1326 558 sponte
1358 479 1432 541 ad
1464 478 1774 541 Caesarem
1815 480 1881 539 in
1909 480 2014 546 iusi
2035 480 2330 552 adierunt.
2396 478 2532 552 Pe-

586 568 778 627 treius
799 571 973 643 atque
997 564 1276 626 Afranius
1295 580 1431 626 cum
1455 563 1819 643 stipendium
1845 562 1919 623 ab
1943 562 2286 640 legionibus
2311 579 2528 641 paene

586 649 876 716 seditione
905 648 1061 718 facta
1089 647 1528 725 flagitarentur,
1571 649 1743 716 cuius
1781 647 1870 712 illi
1911 647 2071 712 diem
2113 647 2379 718 nondum
2411 664 2528 708 ve-

585 736 746 795 nisse
776 733 1066 802 dicerent,
1098 735 1314 800 Gaesar
1341 739 1411 792 ut
1438 739 1843 810 cognosceret,
1874 731 2233 811 postulatum
2262 738 2378 804 est„
2408 749 2525 805 eo,

531 826 569 877 4
588 836 704 897 que
734 819 993 896 utrique,
1023 816 1183 896 quod
1211 819 1435 887 statuit,
1459 817 1722 880 contenti
1750 816 2012 878 fuerunt.
2059 816 2234 884 Parte
2256 817 2528 888 circiter

583 904 765 963 tertia
794 902 1092 961 exercitus
1120 918 1193 961 eo
1222 899 1408 961 biduo
1437 901 1682 965 dimissa
1704 899 1852 960 duas
1879 900 2148 977 legiones
2170 918 2313 966 suas
2338 906 2525 970 ante-.-

584 985 834 1054 eedere,
876 984 1138 1064 reliquas
1181 983 1466 1065 subsequi
1505 986 1706 1053 iussit,
1756 990 1824 1043 ut
1862 1002 1982 1048 non
2022 984 2197 1060 longo
2239 985 2402 1046 inter
2444 1001 2527 1054 se

586 1071 778 1150 spatio
807 1075 1002 1129 eastra
1032 1069 1330 1138 facerent,
1374 1072 1553 1149 eique
1585 1070 1825 1146 negotio
1854 1066 1923 1138 Q.
1955 1067 2190 1136 Fufium
2223 1067 2529 1136 Calenum

529 1160 564 1213 ὅ
585 1153 846 1230 legatum
887 1153 1173 1232 praeficit.
1246 1152 1373 1216 Hoc
1416 1157 1548 1215 eius
1587 1154 1957 1232 praescripto
1999 1170 2072 1218 ex
2103 1151 2395 1231 Hispania,
2437 1152 2528 1226 ad

584 1237 809 1297 Varum
833 1236 1054 1299 flumen
1083 1243 1174 1297 est
1200 1238 1320 1299 iter
1347 1237 1601 1308 factum,
1645 1245 1822 1315 atque
1855 1235 1941 1302 ibi
1969 1235 2203 1315 reliqua
2229 1253 2373 1315 pars
2405 1253 2526 1300 ex·

584 1320 809 1402 ercitus
835 1320 1079 1383 dimissa
1105 1328 1220 1386 est.

1008 1981 1095 2065 O.
1165 1980 1410 2065 IULI
1480 1979 2039 2068 CAESARIS

797 2174 991 2257 DE
1081 2171 1600 2255 BELLO
1695 2169 2257 2253 OIVILI

929 2343 1627 2412 COMMENTARIUS
1672 2338 2146 2410 SECUNDUS.

1265 2683 1814 2747 ARGUMENTUM.

682 2835 732 2897 Ι.
797 2813 1228 2907 oppugnatio
1263 2840 1327 2886 et
1358 2834 2008 2954 ᾱοᾱὶιίοιΜαεείΙίαο.
2075 2834 2406 2902 Hispania

1405 2918 1479 2954 su
1533 2918 1606 2954 ae
1648 2920 1697 2955 a.

722 3006 781 3059 C.
815 3006 1113 3058 Trebonius
1153 3003 1366 3070 legatus
1403 3003 1647 3055 Caesaris
1678 3003 1977 3055 Massiliam
2006 3003 2242 3069 undique
2281 3002 2505 3069 obsidet,

587 3088 635 3125 e.
655 3074 700 3124 1.
724 3076 796 3124 Π.
864 3072 1230 3124 Massilienses
1266 3073 1333 3124 ab
1366 3072 1432 3121 L.
1466 3071 1687 3122 Nasidio
1722 3071 2047 3136 Pompeiano
2084 3071 2258 3121 adiuti
2299 3070 2501 3139 proelio

587 3141 772 3192 navali
793 3157 828 3192 a
848 3141 918 3191 D.
942 3139 1111 3190 Bruto
1135 3139 1292 3203 vieti,
1325 3154 1371 3190 e.
1393 3138 1695 3202 III—VII„
1727 3139 1964 3189 indutias
1987 3154 2020 3187 a
2041 3137 2309 3189 Trebonio
2342 3137 2502 3203 impe-

587 3212 757 3270 trant,
782 3224 826 3258 e.
850 3207 1226 3270 vm—xm.;
1251 3222 1385 3272 quas
1409 3221 1531 3256 eum
1555 3206 1735 3257 subita
1756 3206 2039 3270 eruptione
2061 3204 2207 3255 faeta
2231 3205 2502 3270 operibus·

590 3290 695 3341 que
714 3274 950 3327 Treboni
980 3275 1220 3327 disiectis
1248 3273 1573 3336 violassent,
1606 3273 1696 3323 hie
1729 3273 1998 3327 celerrime
2018 3286 2084 3322 ea
2105 3271 2277 3322 reficit
2309 3286 2503 3338 eosque

588 3343 649 3393 in
683 3342 1007 3397 deditionem
1027 3341 1246 3408 accipit,
1282 3355 1328 3391 e.
1351 3340 1725 3391 XIIII—XVI.
1784 3341 2011 3391 Interim
2042 3340 2102 3390 in
2124 3339 2392 3405 Hispania
2424 3338 2501 3391 ul-

589 3409 787 3460 teriore
827 3409 902 3467 Μ.
936 3410 1220 3460 Terentius
1258 3407 1434 3458 Varro
1477 3407 1692 3472 legatus
1733 3407 1956 3472 Pompei
1997 3406 2237 3457 desertus
2279 3406 2348 3457 ab
2392 3407 2502 3458 suis

590 3476 808 3527 Caesari
843 3492 899 3527 se
929 3477 1092 3539 dedit,
1127 3493 1171 3526 e.
1203 3475 1547 3527 XVII—xx.
1606 3474 1804 3525 Caesar
1838 3476 2031 3525 absens
2063 3473 2298 3524 dictator
2331 3473 2502 3526 dietus

589 3546 644 3594 et
677 3543 1001 3609 Hispaniam
1035 3558 1242 3596 omnem
1283 3548 1343 3594 et
1384 3541 1688 3595 Massiliam
1728 3542 1789 3592 in
1826 3541 2151 3593 deditionem
2193 3541 2417 3608 accipit,
2456 3557 2500 3593 ο.
