2750 4255
677 260 800 326 120
1320 263 1419 321 DE
1459 263 1689 321 BELLO
1736 263 1954 321 cmm

671 434 830 495 fama
859 449 1065 493 rerum
1095 438 1402 510 gestarum
1446 432 1700 493 infirmis
1729 430 1963 492 auxiliis
2006 432 2304 509 proticisci
2332 448 2449 492 non
2477 428 2573 490 du·

675 517 986 587 bitaverat,
1009 534 1194 596 aeque
1218 533 1456 576 omnem
1477 515 1590 576 sibi
1617 514 1813 577 locum
1840 521 2033 576 tutum
2064 517 2194 576 fore
2225 518 2573 577 existimans.

619 609 656 660 4
676 601 1067 663 Alexandriae
1098 599 1170 661 de
1187 599 1436 679 Pompei
1465 605 1656 661 morte
1686 599 1986 677 cognoscit
2007 607 2184 679 atque
2213 599 2299 661 ibi
2328 601 2576 679 primum

673 705 707 747 e
750 704 897 748 nave
937 685 1254 762 egrediens
1296 683 1619 745 clamorem
1660 683 1915 745 militum
1958 684 2155 754 audit,
2195 702 2345 763 quos
2385 701 2489 743 rex
2522 684 2577 742 in

674 770 894 851 oppido
923 768 1205 849 praesidii
1235 787 1412 830 causa
1434 769 1776 848 reliquerat,
1801 777 1860 828 et
1889 785 2240 841 concursum
2265 768 2338 830 ad
2367 785 2431 829 se
2458 767 2578 828 fieri

675 855 855 924 videt,
886 854 1043 933 quod
1073 854 1268 914 fasces
1297 854 1759 914 anteferrentur.
1819 852 1886 912 In
1916 852 2028 912 hoc
2057 855 2253 912 omnis
2280 849 2579 913 multitudo

620 946 653 995 5
679 940 1049 999 maiestatem
1086 939 1316 1015 regiam
1355 940 1547 998 minui
1598 935 2001 1017 praedicabat.
2079 935 2206 996 Hoc
2248 936 2450 997 sedato
2497 941 2579 995 tu·

673 1022 862 1083 multu
892 1021 1139 1082 crebrae
1170 1022 1469 1083 continuis
1506 1021 1721 1082 diebus
1750 1038 1824 1082 ex
1865 1037 2160 1082 concursu
2204 1019 2580 1081 multitudinis

675 1105 1100 1167 concitationes
1148 1106 1372 1167 fiebant
1422 1106 1877 1185 compluresque
1923 1104 2147 1165 milites
2199 1103 2377 1165 huius
2427 1103 2581 1165 urbis

674 1189 954 1251 omnibus
983 1189 1256 1269 partibus
1285 1189 1816 1252 interficiebantur.

624 1281 652 1331 1
804 1273 970 1336 cvu.
1030 1272 1261 1343 Quibus
1300 1274 1486 1336 rebus
1515 1274 1940 1336 animadversis
1978 1272 2245 1351 legiones
2289 1273 2407 1335 sibi
2447 1273 2581 1333 alias

674 1377 747 1420 ex
773 1359 913 1420 Asia
945 1358 1161 1419 adduci
1190 1362 1397 1429 iussit,
1443 1376 1591 1436 quas
1619 1377 1692 1418 ex
1722 1356 2103 1436 Pompeianis
2132 1357 2429 1419 militibus
2456 1373 2579 1417 con·

676 1444 922 1504 fecerat.
979 1443 1113 1521 Ipse
1143 1445 1306 1503 enim
1334 1445 1677 1504 necessario
1698 1443 1906 1502 etesiis
1931 1441 2270 1511 tenebatur,
2303 1444 2407 1521 qui
2436 1440 2579 1502 navi·

618 1534 652 1584 2
675 1526 955 1605 gantibus
979 1526 1331 1588 Alexandria
1361 1535 1502 1587 sunt
1529 1527 1934 1588 adversissimi
1962 1527 2142 1586 venti.
2186 1525 2437 1588 Interim
2454 1541 2579 1585 con·

673 1611 1002 1671 troversias
1040 1627 1249 1688 regum
1289 1610 1364 1672 ad
1406 1610 1690 1690 populum
1719 1609 2049 1672 Romanurn
2090 1617 2151 1671 et
2191 1610 2263 1672 ad
2300 1630 2395 1681 se,
2439 1606 2579 1685 quod

675 1700 834 1755 esset
862 1693 1097 1771 consul,
1139 1697 1448 1774 pertinere
1492 1696 1836 1755 existimans
1866 1701 2042 1773 atque
2084 1713 2155 1755 eo
2184 1697 2378 1773 magis
2406 1692 2580 1755 officio

673 1796 782 1839 suo
812 1780 1163 1849 convenire,
1205 1779 1364 1859 quod
1395 1780 1706 1858 superiore
1738 1778 2045 1839 consulatu
2085 1797 2220 1840 cum
2261 1786 2431 1858 patre
2457 1778 2579 1839 Pto-

671 1863 900 1924 lemaeo
962 1870 1024 1923 et
1072 1860 1204 1941 lege
1260 1873 1324 1924 et
1372 1862 1885 1924 senatusconsulto
1936 1865 2194 1924 societas
2244 1870 2375 1925 erat
2420 1864 2579 1929 facta,

672 1947 951 2016 ostendit,
985 1946 1097 2007 sibi
1126 1949 1384 2027 placere,
1415 1964 1619 2025 regem
1641 1946 2042 2008 Ptolemaeum
2074 1955 2248 2027 atque
2282 1950 2414 2009 eius
2434 1963 2580 2008 soro-

671 2049 802 2092 rem
843 2030 1214 2110 Cleopatram
1257 2034 1584 2101 exercitus,
1634 2048 1783 2111 quos
1823 2030 2144 2101 haberent,
2193 2030 2495 2093 dimittere
2531 2035 2581 2089 et
2687 2020 2688 2101 ἶ

672 2115 747 2261 (ἐξ,
777 2119 1203 2192 controversiis
1229 2118 1362 2178 iure
1394 2116 1550 2197 apud
1580 2134 1644 2177 se
1685 2114 1879 2195 potius
1908 2134 2084 2195 quam
2124 2117 2285 2177 inter
2328 2137 2393 2179 se
2422 2112 2583 2178 armis

717 2203 1030 2278 ‘sceptare.

621 2291 648 2341 2
802 2283 998 2345 CVIII.
1069 2285 1216 2346 Erat
1255 2286 1319 2346 in
1370 2287 1795 2365 procuratione
1834 2287 2007 2362 regni
2055 2293 2304 2366 propter
2347 2292 2585 2348 aetatem
2685 2349 2686 2364 χ

673 2370 849 2446 pueri
878 2369 1178 2429 nutricius
1208 2371 1358 2439 eiuS,
1392 2370 1701 2431 eunuchus
1728 2371 1969 2430 nomine
1999 2369 2313 2431 Pothinus.
2390 2370 2446 2431 Is
2471 2370 2583 2449 pri-

672 2469 834 2511 mum
875 2453 1037 2511 inter
1080 2470 1219 2514 suos
1260 2456 1434 2529 queri
1463 2461 1639 2533 atque
1670 2454 1968 2532 indignari
2012 2456 2235 2534 coepit,
2280 2473 2482 2534 regem
2519 2450 2586 2514 ad

672 2552 910 2595 causam
942 2535 1252 2596 dicendam
1276 2540 1545 2609 evocari;
1577 2538 1792 2598 deinde
1818 2538 2119 2599 adiutores
2141 2538 2429 2617 quosdam
2458 2553 2585 2598 con-

671 2619 773 2680 sili
818 2620 911 2679 sui
955 2626 1165 2681 nactus
1194 2638 1268 2680 ex
1308 2624 1470 2699 regis
1514 2624 1724 2683 amicis
1754 2624 2083 2683 exercitum
2115 2643 2148 2684 a
2178 2623 2417 2685 Pelusio
2447 2621 2585 2683 clam
2681 2675 2682 2702 ἶ

672 2702 1089 2763 Alexandriam
1119 2708 1385 2765 evocavit
1426 2711 1601 2785 atque
1643 2705 1897 2767 eundem
1929 2706 2243 2774 Achillam,
2286 2710 2461 2769 cuius
2496 2723 2585 2766 su·
2681 2725 2682 2732 ¹

618 2794 652 2845 2
680 2804 785 2865 pra
814 2789 1225 2859 meminimus,
1271 2789 1548 2851 omnibus
1579 2792 1769 2871 copiis
1797 2792 2107 2869 praefecit.
2177 2790 2348 2852 Hunc
2386 2792 2583 2852 incita·

674 2879 798 2932 tum
826 2890 872 2933 a
900 2875 1027 2934 suis
1068 2881 1130 2933 et
1169 2875 1331 2951 regis
1370 2874 1642 2936 inflatum
1685 2874 2240 2954 pollicitationibuS‚
2282 2894 2435 2954 quae
2463 2873 2585 2936 fleri

614 2962 649 3012 3
674 2954 869 3024 vellet,
894 2956 1115 3018 litteris
1136 2959 1477 3038 nuntiisque
1499 2960 1753 3019 edocuit.
1805 2957 1872 3018 In
1897 2966 2251 3019 testamento
2272 2958 2587 3021 Ptolemaei
2679 3001 2680 3028 ÷

669 3042 859 3118 patris
899 3041 1153 3102 heredes
1183 3051 1356 3103 erant
1398 3045 1609 3121 scripti
1649 3062 1719 3103 ex
1752 3042 1987 3104 duobus
2025 3042 2162 3104 filiis
2191 3045 2383 3104 maior
2422 3051 2482 3103 et
2521 3058 2586 3102 ex

670 3122 902 3185 duabus
940 3125 1178 3186 filiabus
1217 3143 1318 3195 ea,
1370 3119 1523 3205 quae
1566 3132 1758 3188 aetate
1804 3126 2209 3189 antecedebat.
2293 3127 2453 3189 Haec
2504 3125 2586 3187 uti

668 3209 912 3279 fierent,
955 3227 1065 3288 per
1096 3226 1302 3269 omnes
1332 3209 1476 3270 deos
1510 3228 1737 3290 perque
1767 3211 2030 3282 foedera,
2072 3229 2225 3291 quae
2256 3210 2477 3273 Romae
2506 3210 2587 3270 fe·

669 3292 869 3362 cisset,
901 3292 1111 3353 eodem
1160 3300 1514 3354 testamento
1542 3294 1916 3356 Ptolemaeus
1954 3296 2239 3375 populum
2268 3295 2588 3357 Romanum
2677 3335 2678 3342 κ

610 3382 645 3432 4
669 3373 1099 3436 obtestabatur.
1165 3375 1427 3437 Tabulae
1467 3381 1805 3439 testamenti
1846 3397 2001 3441 unae
2041 3398 2151 3460 per
2199 3381 2425 3457 legatos
2464 3381 2589 3440 eius
2677 3387 2678 3412 ¹

226 3469 409 3574 Χ
665 3456 913 3519 Romam
955 3467 1127 3521 erant
1167 3459 1408 3560 allatae,
1450 3469 1517 3523 ut
1557 3466 1620 3523 in
1668 3465 1901 3562 aerario
1930 3471 2298 3562 ponerentur
2338 3498 2424 3563 ‘J
2461 3463 2585 3528 hae.

408 3577 421 3582 —
662 3558 801 3604 cum
842 3548 1088 3624 propter
1128 3542 1400 3625 publicas
1441 3554 1864 3627 occupationes
1904 3565 2048 3628 pom
2090 3567 2209 3609 non
2241 3549 2586 3628 potu1ssent.

496 3713 511 3724 ι,

504 3731 511 3742 r

512 3757 517 3768 ι

520 3779 527 3792 h

526 3803 535 3818 t

534 3835 539 3842 .

550 3897 553 3904 l

558 3929 779 4136 ὲ
