2750 4255
620 284 711 359 32
1268 297 1365 353 nn
1406 297 1636 355 annno
1684 297 1903 355 cmm

623 465 766 526 dum
795 469 969 544 atque
1000 465 1159 525 omni
1190 465 1424 525 ratione
1454 465 1862 537 efficiendum:
1907 467 2012 528 sed
2051 468 2236 529 totius
2266 467 2402 528 diei
2458 485 2587 548 pu-

622 566 737 627 gna
769 555 943 628 atque
984 548 1221 609 itineris
1261 546 1467 608 labore
1497 548 1720 611 defessi
1757 567 1887 611 rem
1927 552 1993 612 in
2033 558 2346 630 posterum
2395 551 2587 613 diem

624 631 1001 693 distulerunt.
1057 632 1273 693 Caesar
1301 650 1538 713 quoque
1566 635 1631 694 in
1660 636 1932 713 proximo
1954 635 2104 695 colle
2127 642 2324 696 castra
2354 639 2584 714 ponit.

576 723 605 773 1
656 733 669 741 ·
754 715 953 777 LXVI.
1049 715 1242 776 Media
1291 719 1539 777 circiter
1589 724 1763 778 nocte
1815 720 1922 789 iis,
1989 720 2092 798 qui
2145 717 2582 800 [adJaquandi

621 817 801 861 causa
840 800 1075 877 longius
1115 818 1149 861 a
1188 802 1402 861 castris
1451 811 1897 880 processerant,
1949 801 2025 863 ab
2065 803 2376 881 equitibus
2420 821 2580 863 cor-

620 886 839 963 reptis,
891 885 959 945 fit
1009 883 1083 944 ab
1137 883 1233 944 his
1271 887 1496 945 certior
1538 884 1783 954 Caesar,
1836 886 2019 947 duces
2061 886 2578 949 adversariorum

622 968 862 1029 silentio
891 969 1093 1046 copias
1122 969 1335 1030 castris
1363 969 1640 1030 educere.
1713 968 1841 1040 Quo
1872 972 2110 1048 cognito
2140 973 2384 1049 signum
2417 971 2576 1032 dari

567 1060 602 1110 2
625 1051 797 1113 iubet
823 1059 886 1112 et
912 1069 1051 1112 vasa
1078 1051 1324 1113 militari
1355 1070 1523 1114 more
1552 1053 1930 1115 conclamari.
1990 1054 2082 1115 Illi
2113 1056 2397 1116 exaudito
2430 1054 2570 1116 cla-

620 1154 789 1196 more
818 1137 1014 1206 veriti,
1045 1153 1122 1196 ne
1150 1143 1330 1197 noctu
1359 1136 1633 1216 impediti
1663 1137 1775 1199 sub
1806 1156 1988 1199 onere
2014 1139 2339 1216 confligere
2368 1155 2567 1216 coge·

619 1227 832 1281 rentur
891 1226 993 1281 aut
1041 1237 1119 1281 ne
1170 1219 1244 1280 ab
1297 1223 1563 1300 equitatu
1607 1220 1878 1283 Caesaris
1919 1223 1985 1282 in
2029 1225 2323 1300 angustiis
2378 1230 2565 1284 tene-

619 1309 857 1374 rentur,
911 1305 1031 1364 iter
1071 1304 1450 1383 supprimunt
1498 1306 1815 1385 copiasque
1856 1307 1920 1366 in
1953 1309 2166 1367 castris
2208 1308 2556 1368 continent.

568 1397 600 1445 8
623 1386 871 1449 Postero
901 1388 998 1449 die
1028 1386 1304 1450 Petreius
1336 1406 1472 1450 cum
1503 1392 1709 1469 paucis
1737 1389 2044 1471 equitibus
2073 1390 2302 1452 occulte
2334 1391 2414 1452 ad
2446 1409 2557 1451 ex·

620 1472 904 1552 ploranda
932 1471 1059 1532 loca
1102 1475 1522 1552 proficiscitur.
1593 1473 1721 1534 Hoc
1760 1475 1922 1536 idem
1950 1476 2019 1536 fit
2046 1493 2119 1535 ex
2150 1475 2365 1536 castris
2398 1475 2555 1537 Cae-

620 1557 793 1617 saris.
866 1555 1124 1616 Mittitur
1161 1557 1229 1617 L.
1261 1557 1543 1618 Decidius
1589 1556 1741 1618 Saxa
1792 1576 1928 1619 cum
1975 1561 2218 1637 pauciS,
2271 1560 2378 1636 qui
2430 1558 2554 1619 loci

567 1648 603 1697 4
623 1647 894 1701 naturam
922 1642 1267 1721 perspiciat.
1314 1641 1576 1721 Uterque
1603 1640 1767 1701 idem
1796 1644 1921 1702 suis
1940 1643 2274 1702 renuntiat:
2305 1653 2353 1700 v
2375 1640 2551 1703 milia

619 1742 899 1804 passuum
942 1727 1213 1803 proxima
1261 1725 1639 1786 intercedere
1688 1726 1928 1785 itineris
1968 1725 2352 1803 campestris,
2397 1726 2546 1786 inde

619 1809 897 1888 excipere
925 1809 1053 1870 loca
1075 1827 1286 1888 aspera
1315 1817 1378 1870 et
1404 1815 1740 1878 montuosa;
1772 1811 1875 1887 qui
1905 1808 2073 1886 prior
2102 1808 2209 1868 has
2238 1810 2546 1886 angustias

618 1894 1014 1970 occupaverit,
1046 1892 1122 1954 ab
1150 1894 1262 1953 hoc
1291 1893 1523 1954 bostem
1550 1890 1859 1971 prohiberi
1890 1890 2041 1952 nihil
2071 1909 2199 1953 esse
2230 1895 2480 1970 negotii.
2673 1928 2674 1969 χ

570 1986 599 2036 1
704 1975 934 2039 LXVII.
991 1976 1340 2056 Disputatur
1381 1979 1447 2037 in
1486 1975 1734 2038 consilio
1776 1973 1851 2036 ab
1880 1974 2119 2036 Petreio
2138 1997 2141 2000 ⁴
2158 1982 2335 2058 atque
2365 1976 2537 2038 Afra·
2673 1976 2674 1987 ¹

617 2063 722 2122 nio
747 2068 808 2121 et
834 2067 1071 2141 tempus
1099 2061 1489 2141 profectionis
1511 2061 1840 2139 quaeritur.
1885 2058 2165 2141 Plerique
2189 2059 2530 2132 censebant,
2673 2088 2674 2144 1

619 2154 687 2207 ut
725 2153 906 2207 noctu
947 2149 1064 2207 iter
1102 2146 1397 2206 facerent:
1440 2162 1613 2224 posse
1653 2146 1823 2224 prius
1862 2144 1936 2206 ad
1980 2147 2282 2222 angustias
2321 2146 2525 2214 veniri,
2673 2151 2674 2182 ³

565 2240 598 2289 2
620 2249 799 2311 quam
838 2231 1179 2291 sentiretur.
1262 2227 1406 2298 Alii,
1448 2228 1605 2307 quod
1646 2229 1842 2307 pridie
1883 2236 2062 2290 noctu
2104 2228 2527 2290 conclamatum
2673 2251 2674 2302 γ

619 2322 779 2376 esset
806 2316 873 2374 in
902 2314 1172 2375 Caesaris
1199 2314 1441 2381 castriS‚
1489 2315 1819 2389 argumenti
1852 2313 2168 2375 sumebant
2211 2312 2371 2383 loco,
2413 2330 2526 2373 non
2673 2345 2674 2354 κ

566 2409 598 2457 3
619 2415 794 2479 posse
823 2398 975 2459 clam
1004 2397 1178 2457 exiri.
1248 2396 1657 2458 circumfundi
1687 2404 1867 2459 noctu
1907 2400 2237 2477 equitatum
2265 2397 2525 2459 Caesaris

618 2490 796 2563 atque
838 2482 1036 2542 omnia
1086 2480 1214 2541 loca
1269 2487 1444 2559 atque
1495 2482 1717 2542 itinera
1766 2481 2073 2552 obsidere;
2126 2486 2523 2561 nocturnaque
2673 2493 2674 2554 γ

617 2566 845 2647 proelia
874 2582 1007 2624 esse
1037 2564 1304 2634 vitanda,
1340 2564 1497 2644 quod
1535 2568 1894 2644 perterritus
1921 2566 2096 2627 miles
2126 2569 2191 2627 in
2221 2565 2377 2627 civili
2406 2565 2521 2625 dis·
2672 2585 2674 2644 q

567 2660 602 2708 4
623 2650 898 2712 sensione
939 2649 1141 2708 timori
1181 2650 1371 2725 magis
1399 2668 1575 2729 quam
1614 2650 1892 2727 religioni
1933 2650 2244 2711 consulere
2284 2666 2521 2709 consue-

617 2734 787 2794 verit.
847 2734 922 2791 At
957 2731 1151 2792 lucem
1179 2732 1431 2793 multum
1468 2751 1579 2813 per
1609 2752 1672 2794 se
1708 2734 1998 2813 pudorem
2028 2735 2295 2795 omnium
2325 2731 2516 2803 oculiS,

615 2817 868 2879 multum
898 2816 1074 2875 etiam
1113 2816 1493 2879 tribunorum
1521 2816 1778 2879 militum
1812 2826 1874 2879 et
1914 2819 2332 2879 centurionum
2358 2833 2519 2896 prae·

617 2902 869 2964 sentiam
891 2899 1156 2971 adferre;
1187 2902 1405 2981 quibus
1426 2900 1609 2963 rebus
1631 2901 1898 2963 coerceri
1925 2902 2145 2963 milites
2164 2903 2309 2963 etin
2331 2901 2517 2962 officio

563 2996 596 3046 5
621 2986 920 3048 contineri
950 2984 1196 3046 soleant.
1257 2984 1452 3056 Quare
1483 2987 1644 3046 omni
1675 2988 1907 3048 ratione
1940 3003 2071 3048 esse
2101 2986 2363 3048 interdiu
2388 3003 2514 3064 per-

616 3070 1044 3149 rumpendum:
1075 3072 1186 3130 etsi
1210 3070 1409 3151 aliquo
1423 3077 1663 3150 accepto
1689 3071 2067 3142 detrimento,
2081 3077 2281 3131 tamen
2303 3087 2513 3130 summa

567 3166 598 3215 6
622 3154 920 3216 exercitus
940 3155 1099 3216 salva
1122 3153 1332 3225 locum,
1358 3173 1539 3235 quem
1567 3160 1790 3233 petant,
1811 3156 1943 3235 capi
1973 3172 2167 3234 posse.
2223 3153 2377 3213 Haec
2397 3156 2507 3214 vin·

615 3242 699 3300 cit
740 3241 804 3300 in
833 3239 1083 3300 consilio
1121 3241 1447 3309 sententia,
1492 3246 1552 3299 et
1592 3240 1788 3318 prima
1829 3238 1960 3299 luce
1992 3237 2279 3318 postridie
2307 3238 2508 3299 consti·

616 3330 792 3385 tuunt
818 3324 1139 3402 proficisci.

567 3418 591 3467 ι
742 3407 998 3470 LXVIII.
1071 3408 1289 3471 Caesar
1328 3407 1649 3486 exploratis
1695 3406 2049 3486 regionibus
2089 3405 2323 3468 albente
2365 3405 2504 3467 caelo

585 3511 822 3553 -omnes
850 3496 1054 3573 copias
1078 3495 1290 3554 castris
1321 3493 1525 3553 educit
1552 3508 1882 3571 magnoque
1905 3492 2163 3553 circuitu
2186 3490 2343 3552 nullo
2362 3497 2503 3552 certo

615 3578 835 3639 itinere
867 3579 1196 3639 exercitum
1237 3577 1421 3639 ducit.
1491 3575 1638 3639 Nam
1682 3594 1833 3659 quae
1873 3578 2094 3639 itinera
2136 3576 2210 3637 ad
2240 3574 2503 3636 Hiberum
