2750 4255
671 253 752 319 18
1322 261 1422 316 DE
1462 260 1693 318 BELLO
1738 261 1857 318 CIV
1858 262 1957 318 ILI

620 433 654 483 Β
674 423 1106 505 rempublicam
1129 427 1705 489 administraturum.
1759 427 2018 508 Legatos
2047 430 2119 491 ad
2139 429 2514 511 Pompeium
2553 436 2616 497 de

672 513 1100 589 compositione
1129 513 1285 572 mitti
1315 520 1625 592 oportere:
1666 530 1862 593 neque
1892 531 1957 575 se
1986 513 2406 587 reformidare,
2445 523 2616 599 quod

644 593 737 655 'in
778 603 989 657 senatu
1026 594 1347 675 Pompeius
1385 597 1572 676 paulo
1602 604 1740 658 ante
1784 598 2064 668 dixisset,
2106 599 2179 659 ad
2220 618 2369 680 quos
2415 602 2615 682 legati

671 679 1073 750 mitterentur,
1105 681 1203 741 his
1231 683 1642 741 auctoritatem
1663 682 1912 744 attribui
1940 686 2338 764 timoremque
2362 703 2615 759 eorum,

617 772 650 822 9
672 766 776 843 qui
804 767 1132 833 mitterent,
1158 766 1502 842 significari.
1547 765 1773 827 Tenuis
1794 774 1969 846 atque
1991 768 2215 829 infirmi
2235 768 2385 830 haec
2409 775 2617 835 animi

668 849 880 909 videri.
928 848 1005 910 Se
1036 867 1196 918 vero,
1228 857 1299 910 ut
1324 848 1869 928 operibussnnteire
1899 851 2218 924 studuerit,
2244 855 2332 914 sic
2361 856 2617 919 iustitia

670 940 734 993 et
761 935 1058 1012 aequitate
1088 933 1238 993 velle
1270 951 1576 1013 superare.

619 1024 650 1075 1
800 1016 1067 1077 XXXIII.
1137 1016 1362 1079 Probat
1409 1035 1540 1078 rem
1585 1026 1828 1079 senatus
1867 1020 1941 1080 de
1991 1021 2303 1083 mittendis
2346 1023 2619 1101 legatis;

670 1101 796 1170 sed,
821 1102 924 1180 qui
944 1104 1344 1170 mitterentur,
1372 1121 1492 1163 non
1514 1102 1991 1181 reperiebantur,
2018 1107 2392 1186 maximeque
2415 1111 2619 1171 timo-

668 1186 757 1246 ris
787 1203 964 1245 causa
1005 1204 1114 1265 pro
1157 1203 1220 1247 se
1251 1188 1505 1267 quisque
1546 1187 1608 1247 id
1641 1206 1857 1248 munus
1893 1188 2213 1265 legationis
2251 1192 2620 1257 recusabat.

617 1278 650 1326 2
673 1267 994 1349 Pompeius
1021 1272 1182 1331 enim
1212 1270 1528 1333 discedens
1556 1270 1634 1331 ab
1660 1271 1810 1332 urbe
1851 1274 1915 1332 in
1946 1279 2154 1333 senatu
2185 1274 2452 1347 dixerat,
2500 1297 2620 1340 eo·

674 1354 809 1414 dem
839 1372 903 1415 se
944 1354 1294 1416 habiturum
1321 1355 1483 1425 loco,
1523 1358 1627 1434 qui
1668 1356 1889 1417 Romae
1928 1360 2361 1420 remansissent
2389 1368 2454 1421 et
2496 1366 2642 1442 qui

618 1447 650 1495 8
674 1440 739 1499 in
769 1441 981 1500 castris
1008 1439 1280 1501 Caesaris
1306 1440 1583 1500 fuissent.
1653 1439 1753 1500 Sic
1793 1441 2059 1503 triduum
2089 1441 2642 1522 disputationibus]

670 1523 1271 1601 excusationibusque
1302 1523 1657 1584 extrahitur.
1729 1523 2039 1585 Subicitur
2066 1528 2244 1587 etiam
2285 1528 2354 1589 L.
2385 1528 2642 1592 Metel-s*

667 1606 764 1667 lus
792 1606 1073 1666 tribunus
1111 1606 1306 1685 plebis
1358 1605 1433 1666 ab
1474 1610 1738 1669 inimicis
1778 1608 2077 1680 Caesaris,
2118 1614 2222 1690 qui
2264 1612 2419 1674 hanc
2463 1632 2642 1678 rem¹

671 1690 959 1751 distrahat
986 1690 1366 1769 reliquasque
1397 1709 1529 1762 res,
1572 1710 1975 1773 quascumque
2013 1712 2191 1773 agere
2231 1698 2618 1770 instituerit,

617 1782 653 1831 4
675 1774 982 1852 impediat.
1054 1774 1237 1836 Cuius
1276 1778 1515 1853 cognito
1567 1778 1815 1838 consilio
1855 1779 2070 1840 Caesar
2109 1782 2330 1842 frustra
2370 1781 2623 1845 diebus

669 1858 896 1938 aliquot
925 1862 1312 1940 consumptis,
1343 1879 1421 1920 ne
1452 1861 1751 1941 reliquum
1780 1870 2019 1943 tempus
2051 1868 2303 1939 amittat,
2344 1865 2620 1928 infectis

668 1945 776 2014 iis,
819 1962 970 2023 quae
1013 1962 1191 2023 agere
1221 1946 1647 2017 destinaverat,
1691 1947 1766 2009 ab
1796 1948 1948 2010 urbe
1978 1951 2382 2029 proficiscitur
2411 1956 2614 2030 atque

669 2029 733 2089 in
765 2028 1112 2091 ulteriorem
1142 2030 1392 2092 Galliam
1426 2035 1720 2112 pervenit.

621 2122 650 2171 1
806 2114 1102 2177 XXXIIII.
1174 2114 1303 2186 Quo
1343 2135 1480 2178 cum
1520 2119 1815 2191 venisset,
1861 2118 2195 2193 cognoscit,
2229 2118 2483 2178 missum
2525 2116 2640 2183 in,

666 2194 1063 2278 Hispaniam
1103 2218 1136 2259 a
1176 2198 1461 2278 Pompeio
1501 2200 1826 2260 Vibullium
1865 2199 2115 2265 Rufum,
2157 2215 2337 2275 quem
2378 2207 2643 2276 paucis}

616 2290 806 2343 2ante
848 2281 1062 2343 'diebus
1104 2281 1361 2343 Corfinio
1403 2288 1641 2360 captum
1686 2285 1817 2358 ipse
1858 2280 2199 2349 dimiserat:
2249 2280 2643 2358 profectum&

553 2355 569 2375 ⁸
668 2369 817 2426 item
846 2365 1171 2426 Domitium
1204 2365 1276 2425 ad
1316 2365 1718 2444 occupandam
1748 2363 2066 2423 Massiliam
2105 2362 2359 2424 navibus
2385 2352 2643 2490 actua-‘l

667 2451 782 2511 riis
811 2456 1060 2528 septem,
1092 2467 1240 2529 quas
1267 2448 1402 2527 Igili
1434 2451 1587 2510 etin
1607 2449 1832 2509 Cosano
1862 2466 1896 2508 a
1925 2449 2175 2526 privatis
2198 2456 2431 2510 coactas
2460 2470 2608 2514 ser-

616 2545 651 2594 8
671 2536 779 2602 vis,
811 2533 1065 2604 libertis,
1109 2533 1334 2594 colonis
1374 2535 1502 2593 suis
1533 2533 1963 2610 compleverat:
2005 2535 2365 2611 praemissos
2401 2537 2603 2603 etiam

667 2619 894 2695 legatos
906 2617 1304 2679 Massilienses
1328 2616 1586 2686 domum,
1618 2615 1850 2676 nobiles
1880 2615 2306 2687 adulescentes,
2330 2637 2480 2698 quos
2515 2623 2600 2684 ab

669 2701 823 2763 urbe
855 2703 1169 2763 discedens
1195 2703 1517 2781 Pompeius
1556 2707 1688 2761 erat
1727 2700 2099 2772 adhortatus,
2142 2719 2219 2762 ne
2260 2718 2408 2763 nova
2438 2703 2600 2767 Cae·

669 2787 822 2848 saris
851 2788 1047 2847 officia
1076 2794 1347 2847 veterum
1380 2803 1625 2846 suorum
1666 2783 2092 2847 beneficiorum
2134 2788 2196 2846 in
2228 2804 2330 2848 eos
2360 2804 2598 2850 memo-

614 2882 650 2931 4
670 2874 822 2933 riam
854 2871 1239 2951 expellerent.
1309 2868 1541 2940 Quibus
1570 2869 1862 2930 mandatis
1893 2873 2156 2950 acceptis
2183 2870 2597 2935 Massilienses

666 2965 871 3038 portas
893 2957 1132 3017 Caesari
1161 2955 1528 3024 clauserant;
1558 2953 1812 3022 Albicos,
1842 2953 2131 3017 barbaros
2159 2954 2447 3025 homines,
2478 2961 2590 3037 qui

666 3044 732 3102 in
764 3058 969 3100 eorum
1000 3039 1115 3100 fide
1134 3041 1463 3119 antiquitus
1485 3045 1656 3100 erant
1684 3045 2034 3120 montesque
2065 3057 2244 3119 supra
2266 3039 2588 3103 Massiliam

617 3124 1029 3194 oincolebant,
1061 3124 1134 3184 ad
1165 3142 1227 3185 se
1258 3132 1641 3194 vocaverant:
1681 3123 2047 3185 frumentum
2078 3142 2150 3184 ex
2189 3125 2457 3184 finitimis
2483 3143 2585 3186 re-

668 3208 950 3288 gionibus
970 3216 1144 3288 atque
1164 3227 1236 3269 ex
1253 3208 1534 3270 omnibus
1551 3208 1810 3269 castellis
1832 3211 1895 3269 in
1911 3208 2127 3270 urbem
2158 3215 2581 3280 convexerant3

669 3310 970 3355 armorum
1013 3294 1279 3355 officinas
1319 3295 1386 3354 in
1429 3292 1581 3353 urbe
1620 3294 2033 3364 instituerant3
2083 3309 2321 3362 muroS,
2361 3299 2576 3372 portas,

670 3378 917 3438 classem
944 3377 1311 3439 reficiebant.

617 3470 650 3520 1
799 3461 1033 3522 XXXV.
1082 3463 1302 3523 Evocat
1328 3463 1405 3523 ad
1435 3480 1499 3522 se
1515 3461 1731 3524 Caesar
1750 3462 2008 3523 Massilia
2025 3475 2123 3522 xv
2149 3462 2394 3540 primos.
2438 3461 2575 3524 Cum

669 3546 767 3607 bis
790 3549 929 3624 agit,
961 3565 1037 3607 ne
1066 3548 1306 3608 initium
1335 3546 1641 3609 inferendi·
1667 3546 1915 3641 belliab
1937 3542 2409 3608 Massiliensibus
2427 3548 2574 3608 oria·

204 3750 591 4138 x
