2750 4255
721 377 946 435 coMM.
975 379 1020 435 1.
1064 377 1218 436 CAP.
1245 379 1582 438 XII—XVI.
2075 378 2116 443 9

149 564 292 628 que
339 546 452 606 his
492 563 676 625 equos
714 543 1005 608 adtribuit
1044 552 1105 606 et
1143 562 1208 607 se
1249 546 1420 627 sequi
1457 547 1666 618 iussit;
1717 565 1865 627 quos
1904 558 2109 628 postea
2132 558 2166 607 5

152 632 459 692 monitus
489 629 561 691 ab
604 630 760 701 suis,
799 629 960 709 quod
990 616 1059 692 'ea
1099 630 1201 691 res
1221 631 1494 710 omnium
1534 630 1757 693 iudicio
1786 633 2114 712 reprehen-

158 714 480 784 debatur,
523 715 747 789 circuni
775 713 1034 776 familias
1071 721 1398 776 conventus
1427 699 1782 794 'Campaniae
1811 705 2114 778 custodiae

159 817 367 862 causa
400 782 730 859 distribuit.

308 882 445 944 XV.
512 884 763 945 Auximo
806 880 1021 944 Caesar
1073 898 1428 962 progressus
1476 901 1720 955 omnem.
1765 901 1974 963 agrum
2011 884 2109 946 Pi·
2133 894 2161 943 1

164 985 407 1030 cenum
439 968 762 1048 percurrit.
822 965 1082 1028 Cunctae
1114 984 1322 1027 earum
1344 968 1662 1044 regionum
1699 963 2112 1047 praefecturae

163 1051 611 1113 libentissimis
663 1052 878 1113 animis
937 1069 1073 1112 eum
1125 1052 1429 1129 recipiunt
1486 1053 1932 1134 exercitumque
1982 1055 2115 1132 eius

168 1135 474 1198 omnibus
514 1135 700 1197 rebus
741 1137 966 1197 iuvant.
1046 1134 1244 1196 Etiam
1294 1134 1572 1212 Cingulo,
1666 1135 1781 1199 uod
1827 1136 2114 1221 oppidum
2132 1145 2164 1193 2

167 1218 495 1282 Labienus
524 1221 917 1281 constituerat
943 1236 1166 1299 suaque
1196 1221 1452 1297 pecunia
1482 1155 1994 1291 exaedificaverat,
2038 1218 2113 1283 ad

175 1322 327 1366 eum
358 1304 547 1382 legati
576 1306 850 1374 veniunt,
884 1320 1154 1384 quaeque
1183 1304 1599 1381 imperaverit,
1632 1311 1695 1373 55
1726 1295 2111 1384 cupidissime

172 1390 458 1450 facturos
497 1387 874 1467 pollicentur.
943 1384 1162 1449 Milites
1201 1389 1487 1466 imperat:
1544 1390 1808 1453 mittunt.
1875 1388 2108 1452 Interea
2130 1397 2163 1444 s

173 1473 345 1552 legio
378 1471 851 1533 xl1.Caesarem
880 1471 1284 1552 consequitur.
1356 1470 1505 1534 Cum
1543 1473 1641 1551 his
1670 1464 1901 1534 duabus
1928 1475 2111 1534 Ascu-

174 1557 308 1619 lum
340 1555 633 1617 Picenum
662 1556 1079 1635 proficiscitur.
1123 1554 1190 1616 Id
1212 1556 1499 1636 oppidum
1519 1543 1806 1619 Lentulus
1825 1543 2113 1636 Spinther

178 1655 232 1701 x
261 1638 620 1703 cohortibus
651 1639 929 1710 tenebat:
971 1641 1076 1719 qui
1107 1639 1380 1704 Caesaris
1408 1634 1665 1709 adventu
1705 1642 1941 1719 cognito
1971 1659 2110 1720 pro-

179 1727 345 1803 fugit
396 1743 470 1786 ex
523 1725 742 1804 oppido
795 1725 1187 1805 cohortesque
1247 1742 1451 1786 secum
1505 1724 1806 1793 abducere
1864 1729 2111 1787 conatus

180 1826 401 1889 magna
443 1816 611 1888 parte
640 1810 897 1870 militum
926 1809 1246 1872 deseritur.
1307 1807 1573 1875 Relictus
1612 1811 1677 1873 in
1717 1803 1936 1884 itinere
1966 1826 2104 1870 cum
2124 1816 2159 1865 4

181 1895 397 1973 paucis
425 1893 639 1953 incidit
676 1894 741 1956 in
769 1891 1095 1954 Vibullium
1125 1891 1347 1955 Rufum
1378 1894 1628 1956 missum
1661 1912 1694 1954 a
1722 1894 2008 1974 Pompeio
2044 1896 2111 1954 in

186 1993 400 2055 agrum
430 1976 718 2038 Picenum
749 1976 1288 2038 confirmandorum
1315 1976 1625 2042 hominum
1654 1995 1853 2048 causa.
1913 1977 1962 2038 Α
1992 1993 2109 2056 quo

185 2062 385 2122 factus
412 2058 706 2121 Vibullius
743 2058 992 2131 certior,
1035 2077 1187 2140 quae
1226 2078 1325 2121 res
1369 2062 1434 2122 in
1473 2061 1694 2123 Piceno
1734 2068 2106 2141 gererentur,

187 2144 414 2206 milites
453 2142 527 2204 ab
573 2160 647 2205 eo
686 2146 930 2228 accipit,
978 2145 1174 2223 ipsum
1215 2145 1483 2206 dimittit.
1553 2144 1704 2208 Item
1737 2164 1809 2217 ex
1836 2148 2107 2209 finitimis
2127 2155 2161 2204 5

188 2227 556 2307 regionibuS,
589 2247 735 2328 quas
762 2235 977 2307 potest,
1008 2228 1310 2289 contrahit
1347 2229 1623 2295 cohortes
1664 2249 1737 2291 ex
1778 2230 2107 2294 delectihus

190 2314 599 2392 Pompeianis;
628 2315 692 2375 in
720 2313 818 2375 his
847 2313 1158 2375 Camerino
1187 2314 1524 2413 fugientem
1548 2314 1845 2378 Lucilium
1863 2315 2108 2377 Hirrum

193 2416 330 2459 cum
359 2415 461 2459 sex
490 2395 869 2468 cohortibus,
920 2415 1068 2476 quas
1097 2395 1231 2458 ibi
1214 2415 1279 2458 ιιι
1308 2399 1610 2477 praesidio
1638 2397 1962 2469 habuerat,
2005 2417 2105 2459 ex-

196 2483 369 2561 cipit3
409 2481 628 2561 quibus
658 2482 878 2543 coactis
907 2494 1040 2541 xm
1071 2480 1272 2542 efficit.
1345 2482 1492 2543 Cum
1530 2482 1627 2544 his
1668 2483 1740 2544 ad
1777 2483 2101 2555 Domitium
2125 2493 2160 2541 5

204 2564 655 2628 Ahenobarbum
686 2565 1008 2627 Corfinium
1037 2567 1268 2642 magnis
1307 2566 1630 2628 itineribus
1662 2569 1936 2645 pervenit
1964 2568 2105 2629 Cae-

200 2668 499 2730 saremque.
520 2650 729 2711 adesse
753 2667 888 2710 cum
909 2648 1245 2727 legionibus
1263 2649 1492 2712 duabus
1511 2652 1765 2717 nuntiat.
1810 2650 2106 2713 Domitius
2126 2659 2157 2708 '1

199 2753 305 2814 per
334 2752 397 2795 se
423 2735 666 2797 circiter
695 2748 795 2795 xx
823 2733 1101 2795 cohortes
1128 2733 1303 2804 Alba,
1349 2752 1423 2795 ex
1451 2735 1666 2821 Marsis
1694 2741 1755 2831 et
1782 2734 2102 2845 Paelignis,

199 2819 458 2879 finitimis
487 2817 561 2879 ab
590 2816 942 2896 regionibus
968 2823 1264 2896 coegerat.
1359 2813 1478 2893 [ῆι
1521 2829 1598 2869 ιι
1681 2844 1686 2845 ff
1767 2840 1774 2849 ι

322 2900 466 2962 XVI.
524 2900 1037 2982 Receptoffl
805 2902 1019 2964 Asculo
1050 2903 1415 2982 expulsoque
1438 2844 1730 2965 Lentulo
1716 2862 1931 2965 Caesar
1962 2874 2101 2969 con·
2125 2913 2190 2962 ι
2341 2928 2374 2939 ,ι
2419 2916 2432 2925 -
2493 2920 2498 2931 ι
2553 2877 2559 2885 ’

202 2988 353 3066 quiri
380 2985 616 3056 milites,
649 2988 753 3065 qui
783 2985 859 3049 ab
884 3004 955 3047 55
979 2987 1397 3056 discesserant,
1428 2986 1838 3064 delectumque
1869 2985 2102 3047 institui

205 3070 386 3141 iuhet;
427 3072 555 3149 ipse
594 3088 778 3132 unum
819 3070 977 3133 diem
1028 3070 1113 3132 ibi
1159 3074 1252 3132 rei
1291 3071 1718 3133 frumentariae
1758 3088 1935 3131 causa
1973 3088 2101 3132 mo-

207 3163 357 3216 ratus
395 3152 715 3216 Corfinium
744 3155 1069 3219 contendit.
1130 3154 1216 3215 Eo
1249 3172 1382 3216 cum
1412 3156 1703 3225 venisset,
1747 3153 2026 3215 cohortes
2051 3170 2099 3218 v
2120 3164 2154 3213 2

208 3241 548 3321 praemissae
590 3258 624 3301 a
663 3239 923 3301 Domitio
965 3258 1036 3301 ex
1077 3239 1299 3319 oppido
1338 3246 1578 3318 pontem
1619 3239 1885 3301 fluminis
1913 3240 2101 3300 inter·

207 3323 566 3402 rumpebant,
600 3326 705 3403 qui
737 3330 868 3385 erat
897 3323 974 3384 ab
1005 3324 1224 3403 oppido
1254 3325 1419 3384 milia
1449 3341 1691 3402 passum
1721 3325 1970 3385 circiter
1994 3337 2096 3385 111.

211 3406 290 3468 lbi
327 3425 450 3469 cum
489 3407 980 3471 antecursoribus
1009 3406 1281 3469 Caesaris
1319 3407 1554 3486 proelio
1592 3409 1905 3470 commisso
1946 3409 2098 3470 cele·
2122 3415 2157 3464 3

209 3494 345 3553 riter
369 3491 689 3553 Domitiani
720 3510 754 3550 a
783 3498 963 3571 ponte
986 3492 1214 3570 repulsi
1237 3509 1301 3552 se
1331 3495 1395 3574 in
1413 3492 1696 3571 oppidum
1719 3499 2097 3573 receperunt.

213 3575 401 3638 Caesar
429 3575 767 3654 legionibus
794 3575 1162 3639 transductis
1192 3576 1266 3636 ad
1295 3577 1579 3656 oppidum
1609 3579 1877 3640 constitit
1902 3579 2093 3639 iuxta·
2116 3583 2153 3632 4

209 3679 312 3741 que
339 3679 565 3722 murum
595 3667 786 3722 castra
815 3660 1034 3741 posuit.
