2750 4255
208 3742 565 4149 ’Χ

637 297 722 363 38
1287 303 1385 359 DE
1426 303 1657 361 BELLO
1703 304 1922 361 GIVILI

587 476 616 526 1
762 467 998 530 LXXX.
1068 468 1202 530 Tali
1242 469 1386 530 dum
1425 477 1725 550 pugnatur
1752 471 1962 540 modo,
2003 468 2167 532 lente
2210 477 2398 552 atque
2436 490 2599 552 pau·
2675 473 2676 542 l

639 554 804 615 latim
843 554 1190 633 proceditur
1227 553 1596 634 crebroque,
1640 562 1710 616 ut
1736 556 1859 616 sint
1899 555 2122 616 auxilio
2167 558 2322 627 suis,
2369 556 2599 618 subsi-
2675 549 2676 622 Ϊ

585 646 618 695 2
642 645 837 708 stunt;
868 646 935 699 ut
963 646 1089 700 tum
1121 639 1358 699 accidit.
1406 639 1570 701 Milia
1599 641 1760 700 enim
1789 640 2091 718 progressi
2109 652 2222 700 1111
2244 639 2600 704 vehemen-

639 726 877 802 tiusque
907 723 1223 802 peragitati
1266 722 1340 783 ab
1375 725 1647 802 equitatu
1686 731 1950 785 montem
1979 723 2281 785 excelsum
2320 727 2602 804 capiunt

641 807 846 888 ibique
888 825 1008 868 una
1046 808 1240 867 fronte
1281 814 1488 868 contra
1539 808 1772 869 hostem
1813 815 2006 868 castra
2048 809 2331 870 muniunt
2370 825 2602 888 neque

585 899 617 947 8
642 885 925 953 iumentis
981 909 1164 951 onera
1215 890 1538 970 deponunt.
1624 891 1740 953 Ubi
1793 892 2066 957 Caesaris
2116 899 2310 953 castra
2370 895 2600 971 posita

640 974 1139 1054 tabernaculaque
1181 977 1505 1036 constituta
1544 984 1604 1037 et
1646 976 1930 1038 dimissos
1970 977 2205 1056 equites
2244 974 2600 1076 pabulandi

639 1077 818 1121 causa
861 1060 1122 1120 animum
1167 1059 1576 1131 adverterunt,
1619 1078 1752 1121 sese
1792 1059 1992 1123 subito
2034 1061 2380 1140 proripiunt
2430 1060 2600 1121 hora

642 1145 887 1204 circiter
916 1150 1080 1203 sexta
1109 1143 1379 1204 eiusdem
1410 1145 1532 1206 diei
1574 1152 1636 1205 et
1676 1163 1843 1224 spem
1874 1146 2032 1206 nacti
2062 1162 2265 1208 morae
2295 1144 2600 1205 discessu

586 1234 622 1283 4
643 1234 983 1288 nostrorum
1012 1229 1281 1306 equitum
1309 1231 1428 1289 iter
1458 1229 1658 1290 facere
1687 1230 2006 1309 incipiunt.
2058 1226 2184 1298 Qua
2208 1247 2275 1289 re
2299 1229 2598 1290 animum

642 1312 891 1373 adversa
911 1312 1129 1373 Caesar
1156 1312 1386 1374 relictis
1413 1313 1864 1392 impedimentis
1880 1330 2024 1375 eum
2051 1311 2397 1390 legionibus
2435 1312 2596 1381 sub·

640 1399 942 1477 sequitur,
995 1397 1298 1475 praesidio
1349 1415 1578 1475 paucas
1617 1396 1882 1457 cohortis
1935 1396 2252 1475 relinquit3
2305 1396 2474 1462 hora
2523 1409 2595 1460 x.

641 1480 928 1560 subsequi
951 1480 1334 1559 pabulatores
1356 1483 1709 1560 equitesque
1738 1483 2008 1542 revocari
2035 1480 2225 1542 iubet.
2272 1480 2594 1542 Celeriter

587 1570 621 1620 5
644 1567 943 1644 equitatus
973 1564 1046 1624 ad
1076 1566 1442 1625 cotidianum
1486 1566 1724 1624 itineris
1752 1567 2015 1626 officium
2044 1566 2393 1626 revertitur.
2468 1566 2592 1627 Pu-

638 1658 856 1727 gnatur
882 1650 1104 1708 acriter
1131 1648 1206 1708 ad
1237 1650 1628 1709 novissimum
1648 1666 1878 1726 agmen,
1906 1650 2054 1710 adeo
2083 1656 2149 1711 ut
2177 1668 2370 1729 paene
2399 1656 2587 1726 terga

641 1738 1015 1801 convertant,
1059 1732 1516 1813 compluresque
1548 1732 1797 1804 milites,
1846 1736 2028 1795 etiam
2057 1733 2325 1796 nonnulli
2356 1741 2584 1796 centu·

644 1818 881 1886 rienes,
934 1818 1398 1886 interficiuntur.
1484 1815 1753 1879 Instabat
1803 1835 2016 1897 agmen
2066 1818 2337 1886 Caesaris
2388 1825 2584 1897 atque

646 1903 991 1963 universum
1018 1900 1388 1962 imminebat.

591 1991 620 2039 1
769 1984 1031 2048 LXXXI.
1104 1986 1256 2048 Tum
1286 2005 1429 2048 vero
1470 2005 1666 2068 neque
1708 1988 1781 2049 ad
1823 1988 2249 2068 explorandum
2281 1986 2584 2047 idoneum

630 2072 839 2132 ‘locum
891 2073 1105 2133 castris
1158 2090 1354 2152 neque
1416 2072 1487 2134 ad
1547 2074 2051 2154 progrediendum
2104 2072 2237 2133 data
2288 2070 2580 2132 facultate

642 2158 977 2217 consistunt
1016 2160 1356 2219 necessario
1386 2165 1446 2218 et
1488 2157 1695 2237 procul
1738 2157 1811 2218 ab
1843 2175 1996 2235 aqua
2024 2162 2087 2215 et
2118 2163 2330 2215 natura
2360 2157 2580 2235 iniquo

588 2241 773 2301 2loco
812 2248 1005 2301 castra
1045 2249 1293 2319 ponunt.
1375 2241 1494 2301 Sed
1531 2241 1724 2301 isdem
1768 2241 1842 2300 de
1883 2240 2081 2300 causis
2115 2237 2363 2307 Caesar,
2421 2253 2576 2317 quae

641 2341 821 2404 supra
862 2331 1004 2383 sunt
1045 2324 1512 2393 demonstratae,
1555 2323 1783 2402 proelio
1824 2340 1944 2382 non
1984 2321 2222 2382 lacessit
2262 2325 2324 2379 et
2364 2338 2445 2382 eo
2485 2322 2577 2382 die

641 2407 1024 2468 tabernacula
1054 2409 1232 2467 statui
1276 2424 1489 2486 passus
1517 2425 1635 2467 non
1680 2412 1802 2475 est,
1846 2422 1965 2483 quo
2005 2406 2340 2484 paratiores
2370 2411 2576 2466 essent

644 2491 716 2552 ad
749 2490 1180 2566 insequendum
1211 2509 1437 2561 omneS,
1480 2492 1605 2550 sive
1635 2498 1817 2550 noctu
1846 2491 1971 2549 sive
2002 2490 2262 2550 interdiu
2292 2506 2575 2569 erumpe·

588 2581 622 2630 8
644 2583 799 2635 rent.
870 2573 963 2634 Illi
1004 2575 1417 2635 animadverso
1446 2575 1594 2633 vitio
1632 2581 1967 2635 castrorum
2007 2580 2129 2635 tota
2170 2581 2340 2634 nocte
2373 2573 2576 2634 muni·

640 2661 840 2720 tiones
867 2659 1185 2737 proferunt
1212 2666 1522 2736 castraque
1552 2659 1768 2719 castris
1795 2664 2168 2723 convertunt.
2239 2657 2365 2718 Hoc
2407 2658 2575 2718 idem

645 2751 883 2822 postero
914 2742 1009 2802 die
1041 2761 1074 2803 a
1117 2744 1313 2822 prima
1353 2741 1486 2801 luce
1517 2741 1743 2802 faciunt
1771 2747 2080 2821 totumque
2114 2744 2178 2803 in
2208 2759 2278 2802 ea
2308 2759 2375 2802 re
2407 2742 2574 2803 diem

590 2833 626 2882 4
648 2834 1020 2887 consumunt.
1093 2826 1210 2886 Sed
1252 2832 1540 2902 quantum
1580 2844 1760 2905 opere
1811 2833 2227 2906 processerant
2267 2831 2330 2886 et
2374 2831 2572 2886 castra

644 2911 1047 2991 protulerant,
1092 2917 1254 2970 tanto
1284 2909 1537 2971 aberant
1565 2911 1639 2971 ab
1671 2927 1823 2987 aqua
1851 2911 2119 2988 longius,
2164 2917 2225 2971 et
2264 2906 2571 2989 praesenti

590 3002 623 3051 5
644 2996 798 3057 malo
827 2996 961 3056 aliis
990 2993 1162 3055 malis
1191 2995 1456 3056 remedia
1490 2994 1804 3057 dabantur.
1874 2994 2077 3056 Prima
2107 3001 2280 3055 nocte
2311 2990 2568 3071 aquandi

645 3095 824 3140 causa
854 3096 1029 3138 nemo
1074 3079 1382 3155 egreditur
1410 3097 1482 3140 ex
1527 3082 1772 3150 castris;
1814 3081 2087 3159 proximo
2129 3079 2226 3139 die
2267 3075 2568 3158 praesidio

644 3166 708 3223 in
738 3163 952 3222 castris
982 3162 1193 3222 relicto
1225 3166 1536 3224 universas
1564 3163 1637 3225 ad
1669 3182 1883 3242 aquam
1913 3165 2118 3243 copias
2147 3163 2425 3231 educunt,
2467 3176 2566 3239 pa-

588 3255 622 3302 6
650 3245 915 3306 balatum
943 3248 1239 3309 emittitur
1277 3265 1474 3308 nemo.
1544 3247 1654 3308 His
1682 3265 1785 3308 eos
1814 3247 2125 3326 suppliciis
2165 3246 2316 3307 male
2358 3241 2565 3305 haberi

646 3331 867 3392 Caesar
909 3336 971 3390 et
1008 3334 1413 3392 necessariam
1454 3330 1658 3392 subire
1711 3331 2076 3392 deditionem
2115 3348 2292 3411 quam
2340 3326 2566 3426 proelio

645 3413 957 3474 decertare
988 3414 1265 3476 malebat.
1316 3415 1578 3478 Conatur
1606 3423 1806 3476 tamen
1835 3434 1940 3476 eos
1968 3415 2119 3476 vallo
2148 3415 2423 3492 fossaque
2453 3413 2564 3471 cir·

644 3500 1050 3569 cummunire,
1094 3504 1161 3559 ut
1191 3516 1369 3576 quam
1398 3502 1654 3561 maxime
1683 3501 2033 3578 repentinas
2065 3515 2271 3559 eorum
2304 3496 2564 3575 eruptio·

643 3600 752 3644 nes
782 3583 1156 3655 demoretur;
1201 3602 1318 3666 quo
1350 3586 1693 3646 necessario
1735 3584 2132 3645 descensuros
2174 3578 2564 3642 existimabat·
