2750 4255
604 334 831 391 COMM.
859 335 904 391 I.
948 334 1102 392 GAP.
1131 335 1698 392 XXXH—XXXVII.
2034 330 2115 397 19

130 508 298 563 turt
355 500 588 561 debere
619 518 723 561 eos
763 501 970 562 Italiae
1016 504 1201 562 totius
1243 504 1657 563 auctoritatem
1698 505 1869 583 sequi
1909 505 2112 583 potius

135 604 359 666 quam
424 587 600 646 unius
655 586 914 646 hominis
965 586 1252 646 voluntati
1312 586 1751 665 obtemperare.
1836 587 2103 666 Reliqua,
2129 598 2160 646 2

140 688 328 749 quae
377 669 456 731 ad
499 687 708 730 eorum
738 669 1031 730 sanandas
1070 677 1303 731 mentes
1335 672 1642 749 pertinere
1684 671 2106 743 arbitrabatur,

142 760 632 815 commemorat.
702 753 886 815 Cuius
935 756 1268 815 orationem
1318 755 1498 832 legati
1548 754 1783 818 domum
1835 757 2159 816 reserunts

146 846 357 917 atque
407 857 480 898 ex
509 840 864 900 auctoritate
893 837 1040 899 haec
1073 838 1307 899 Caesari
1339 839 1710 901 renuntiant:
1756 839 2110 917 Intellegere

146 941 249 992 se,
289 922 561 983 divisum
593 941 724 983 esse
756 922 1037 1001 populum
1067 922 1396 983 Romanum
1426 925 1491 983 in
1523 924 1669 984 duas
1696 932 1918 1004 partes.
1991 923 2107 983 Ne-

149 1024 286 1087 que
323 1009 425 1067 sui
456 1007 667 1067 iudicii
698 1025 890 1085 neque
915 1024 1156 1067 suarum
1180 1025 1311 1068 esse
1336 1009 1555 1067 virium
1580 1007 1943 1079 discernere,
1974 1014 2108 1069 utra

151 1109 316 1170 pars
358 1093 682 1151 iustiorem
721 1090 940 1151 habeat
980 1109 1238 1151 causam.
1315 1090 1623 1171 Principes
1664 1111 1804 1153 vero
1846 1111 1976 1154 esse
2007 1112 2102 1154 ea·
2127 1101 2161 1149 4

155 1194 308 1236 rum
371 1178 636 1256 partium
681 1174 786 1235 Cn.
818 1174 1169 1253 Pompeium
1224 1182 1285 1235 et
1338 1173 1400 1235 C.
1435 1174 1778 1248 Caesarem,
1826 1184 2109 1256 patronos

159 1262 477 1330 civitatis;
518 1278 773 1340 quorum
813 1259 966 1319 alter
996 1275 1170 1336 agros
1197 1259 1509 1319 Volcarum
1539 1262 2020 1323 Arecomicorum
2051 1268 2111 1321 et

161 1344 533 1405 Helviorum
563 1343 801 1423 publice
837 1345 917 1403 iis
946 1345 1339 1413 concesserit,
1386 1344 1537 1404 alter
1578 1343 1734 1405 bello
1763 1348 1953 1406 victos
1982 1345 2108 1407 Sal-

164 1428 311 1508 lyas
344 1428 709 1488 adtribuerit
736 1426 1162 1506 vectigaliaque
1186 1430 1438 1488 auxerit.
1500 1427 1696 1498 Quare
1727 1430 1974 1509 paribus
2005 1448 2105 1490 eo·
2127 1438 2159 1487 ὅ

165 1530 315 1573 rum
348 1511 663 1571 beneflciis
689 1530 896 1589 parem
937 1530 1002 1572 se
1033 1529 1266 1591 quoque
1305 1512 1666 1574 voluntatem
1711 1512 1981 1575 tribuere
2013 1515 2112 1574 de-

170 1596 330 1657 bere
373 1604 438 1656 et
473 1603 755 1656 neutrum
785 1613 993 1657 eorum
1021 1602 1228 1656 contra
1269 1596 1523 1657 alterum
1563 1599 1770 1658 iuvare
1813 1606 1916 1660 aut
1957 1598 2111 1659 urbe

172 1687 285 1742 aut
315 1679 597 1760 portibus
626 1682 921 1760 recipere.

308 1764 576 1825 XXXVI.
636 1764 799 1826 Haec
828 1765 970 1827 dum
1011 1767 1171 1826 inter
1202 1783 1304 1826 eos
1335 1773 1625 1843 aguntur,
1669 1767 1965 1830 Domitius
2004 1787 2106 1829 na·
2132 1776 2161 1825 1

88 1915 89 1918 Ἴ
174 1848 362 1909 vibus
385 1848 704 1909 Massiliam
734 1851 1010 1927 pervenit
1038 1857 1214 1929 atque
1247 1849 1322 1910 ab
1351 1852 1428 1909 iis
1458 1859 1738 1929 receptus
1770 1852 1906 1913 urbi
1938 1871 2109 1931 prac-

87 1963 91 2002 ÷
177 1935 417 2001 ficitur;
459 1949 688 1992 summa
719 1934 777 1991 ei
822 1931 963 1991 belli
997 1933 1455 1993 administrandi
1503 1936 1896 2012 permittitur.
1964 1936 2163 1996 Eius2

87 2051 90 2087 ξ
181 2017 446 2096 imperio
477 2015 725 2075 classem
755 2033 990 2093 quoque
1020 2034 1228 2075 versus
1267 2017 1609 2087 dimittunt;
1656 2020 1966 2078 onerarias
2005 2037 2110 2079 na·

182 2119 322 2172 veS,
367 2118 515 2180 quas
556 2097 777 2177 ubique
818 2106 1095 2178 possunt,
1144 2100 1601 2178 deprehendunt
1642 2107 1817 2180 atque
1863 2104 1927 2163 in
1973 2120 2111 2182 por·

87 2218 95 2253 ,
193 2196 317 2248 tum
349 2185 668 2253 deducunt,
698 2201 912 2263 parum
943 2183 1124 2244 clavis
1153 2192 1256 2244 aut
1290 2186 1542 2244 materia
1574 2192 1750 2265 atque
1781 2204 2111 2248 armamen-

88 2304 100 2343 4
189 2274 271 2333 tis
298 2271 612 2330 instructis
651 2268 724 2328 ad
767 2268 1034 2347 reliquas
1076 2268 1389 2330 armandas
1430 2269 1897 2350 reficiendasque
1938 2278 2111 2332 utun·

87 2388 100 2428 ῃ
190 2364 323 2425 tur;
358 2355 638 2415 frumenti
669 2352 827 2432 quod
857 2354 1163 2413 inventum
1193 2361 1300 2424 est,
1333 2355 1398 2414 in
1429 2353 1734 2432 publicum
1765 2357 2109 2426 conferunt:
2128 2376 2161 2425 3

88 2485 98 2513 .
195 2440 455 2518 reliquas
493 2455 723 2498 merces
764 2447 1242 2517 commeatusque
1288 2438 1361 2498 ad
1401 2438 1778 2500 obsidionem
1817 2440 2017 2512 urbis„
2060 2442 2111 2501 si

2134 2534 2169 2583 ς.

89 2571 99 2584 .
199 2524 440 2593 accidat,
481 2528 808 2583 reservant.
881 2519 1112 2591 Quibus
1154 2523 1395 2582 iniuriis
1434 2529 1740 2601 permotus
1770 2523 1989 2586 Caesar
2027 2525 2112 2586 le-

87 2643 96 2684 „
202 2611 398 2687 giones
437 2614 564 2667 tres
605 2606 928 2667 Massiliam
969 2605 1237 2674 adducit:
1290 2613 1490 2668 turres
1527 2609 1849 2688 vineasque
1896 2609 1969 2670 ad
2012 2628 2113 2688 op·

87 2709 96 2768 b
203 2694 614 2772 pugnationem
655 2690 827 2751 urbis
869 2707 1076 2768 agere,
1119 2708 1299 2751 naves
1339 2689 1545 2768 longas
1586 2692 1820 2752 Arelate
1861 2712 2113 2755 numero

87 2825 95 2839 .
205 2789 304 2837 111
341 2777 536 2836 facere
575 2776 857 2835 instituit.
939 2772 1166 2844 Quibus
1218 2773 1448 2837 effectis
1489 2778 1849 2856 armatisque
1898 2778 2162 2838 diebus5

87 2911 95 2924 .
208 2873 366 2929 xxx,
397 2878 427 2920 a
451 2877 567 2936 qua
598 2859 692 2918 die
721 2861 971 2919 materia
995 2877 1168 2920 caesa
1199 2866 1315 2930 est,
1354 2859 1742 2938 adductisque
1771 2860 2111 2932 Massiliam,

87 2982 94 3023 ³
210 2945 301 3006 his
337 2942 403 3002 D.
437 2942 686 3003 Brutum
724 2944 1025 3021 praeficit,
1079 2943 1144 3005 C.
1176 2942 1543 3004 Trebonium
1591 2943 1852 3020 legatum
1892 2944 1964 3004 ad
2008 2963 2111 3024 op-

87 3051 94 3108 j
213 3029 619 3109 pugnationem
650 3025 946 3086 Massiliae
976 3027 1283 3104 relinquit.

87 3152 91 3193 ,
330 3109 609 3172 XXXVII.
668 3109 821 3169 Dum
858 3110 1007 3169 haec
1046 3115 1219 3188 parat
1247 3116 1422 3188 atque
1455 3109 1860 3181 administrat,
1903 3111 1964 3173 C.
1998 3113 2108 3174 Fa·
2135 3124 2163 3172 1

217 3197 369 3259 bium
396 3196 653 3272 legatum
684 3211 819 3253 cum
847 3193 1186 3271 legionibus
1216 3206 1328 3263 111,
1372 3212 1520 3273 quas
1547 3195 1824 3256 Narbone
1856 3197 2111 3257 circum-

221 3300 324 3363 que
359 3299 424 3340 ea
462 3279 590 3340 loca
626 3277 932 3338 hiemandi
973 3296 1149 3338 causa
1202 3278 1604 3357 disposuerat,
1660 3281 1724 3340 in
1767 3281 2115 3360 Hispaniam

221 3365 529 3447 praemittit
569 3363 967 3441 celeriterque
1007 3363 1192 3424 saltus
1231 3362 1567 3442 Pyrenaeos
1606 3367 1884 3444 occupari
1926 3365 2110 3436 iubet,

225 3453 315 3531 qui
343 3469 406 3510 eo
433 3457 698 3526 tempore
739 3446 814 3508 ab
853 3447 921 3508 L.
954 3446 1197 3508 Afranio
1237 3446 1433 3524 legato
1474 3449 1789 3528 praesidiis
1829 3449 2113 3511 teneban-

226 3545 328 3596 tur.
389 3533 668 3613 Reliquas
708 3531 1006 3609 legioneS,
1058 3550 1210 3611 quae
1260 3531 1495 3608 longius
1544 3533 1916 3605 hiemabant,
1971 3532 2108 3595 sub·
2132 3544 2165 3592 2

231 3621 377 3700 sequi
402 3617 587 3678 iubet.
646 3615 898 3688 Fabius,
941 3623 1009 3677 ut
1046 3623 1177 3677 erat
1214 3617 1602 3697 imperatum,
1646 3619 1913 3681 adhibita
1953 3620 2109 3682 cele·
2132 3627 2164 3676 3

1636 3717 1709 3768 2².
