<?xml version="1.0" encoding="UTF-8"?>
<!DOCTYPE html PUBLIC "-//W3C//DTD XHTML 1.0 Transitional//EN"
    "http://www.w3.org/TR/xhtml1/DTD/xhtml1-transitional.dtd">
<html xmlns="http://www.w3.org/1999/xhtml" xml:lang="en" lang="en">
 <head>
  <title>
</title>
<meta http-equiv="Content-Type" content="text/html;charset=utf-8" />
  <meta name='ocr-system' content='tesseract 3.04.00' />
  <meta name='ocr-capabilities' content='ocr_page ocr_carea ocr_par ocr_line ocrx_word'/>
</head>
<body>
  <div class='ocr_page' id='page_1' title='image "./commentariidebe01caesgoog_0033.png"; bbox 0 0 2750 4255; ppageno 0'>
   <div class='ocr_carea' id='block_1_1' title="bbox 784 298 2177 364">
    <p class='ocr_par' dir='ltr' id='par_1_1' title="bbox 784 298 2177 364">
     <span class='ocr_line' id='line_1_1' title="bbox 784 298 2177 364; baseline 0.003 -4"><span class='ocrx_word' id='word_1_1' title='bbox 784 305 1013 361; x_wconf 78' lang='lat' dir='ltr'><strong>COMM.</strong></span> <span class='ocrx_word' id='word_1_2' title='bbox 1040 305 1086 362; x_wconf 93' lang='lat' dir='ltr'><strong>I.</strong></span> <span class='ocrx_word' id='word_1_3' title='bbox 1129 303 1284 361; x_wconf 76' lang='lat' dir='ltr'><strong>cAP.</strong></span> <span class='ocrx_word' id='word_1_4' title='bbox 1310 304 1659 361; x_wconf 81' lang='lat' dir='ltr'><strong>LVI—LXI.</strong></span> <span class='ocrx_word' id='word_1_5' title='bbox 2090 298 2177 364; x_wconf 82' lang='grc'><strong>29</strong></span> 
     </span>
    </p>
   </div>
   <div class='ocr_carea' id='block_1_2' title="bbox 203 469 2240 3236">
    <p class='ocr_par' dir='ltr' id='par_1_2' title="bbox 203 469 2223 1038">
     <span class='ocr_line' id='line_1_2' title="bbox 203 469 2175 550; baseline -0.002 -15"><span class='ocrx_word' id='word_1_6' title='bbox 203 472 503 536; x_wconf 79' lang='lat' dir='ltr'><strong>navibus</strong></span> <span class='ocrx_word' id='word_1_7' title='bbox 542 469 885 533; x_wconf 82' lang='lat' dir='ltr'>obiciebant</span> <span class='ocrx_word' id='word_1_8' title='bbox 926 477 1103 550; x_wconf 90' lang='lat' dir='ltr'><strong>atque</strong></span> <span class='ocrx_word' id='word_1_9' title='bbox 1143 471 1365 531; x_wconf 88' lang='lat' dir='ltr'><strong>iniecta</strong></span> <span class='ocrx_word' id='word_1_10' title='bbox 1394 488 1574 531; x_wconf 90' lang='lat' dir='ltr'><strong>manu</strong></span> <span class='ocrx_word' id='word_1_11' title='bbox 1613 471 1813 531; x_wconf 83' lang='lat' dir='ltr'><strong>ferrea</strong></span> <span class='ocrx_word' id='word_1_12' title='bbox 1842 477 1904 532; x_wconf 88' lang='lat' dir='ltr'><strong>et</strong></span> <span class='ocrx_word' id='word_1_13' title='bbox 1941 477 2175 532; x_wconf 86' lang='lat' dir='ltr'><strong>retenta</strong></span> 
     </span>
     <span class='ocr_line' id='line_1_3' title="bbox 210 552 2174 637; baseline -0.002 -18"><span class='ocrx_word' id='word_1_14' title='bbox 210 565 504 637; x_wconf 87' lang='lat' dir='ltr'><strong>utraque</strong></span> <span class='ocrx_word' id='word_1_15' title='bbox 535 573 682 616; x_wconf 87' lang='lat' dir='ltr'><strong>nave</strong></span> <span class='ocrx_word' id='word_1_16' title='bbox 713 554 937 615; x_wconf 85' lang='lat' dir='ltr'><strong>diversi</strong></span> <span class='ocrx_word' id='word_1_17' title='bbox 978 552 1327 633; x_wconf 84' lang='lat' dir='ltr'><strong>pugnabant</strong></span> <span class='ocrx_word' id='word_1_18' title='bbox 1369 561 1547 633; x_wconf 91' lang='lat' dir='ltr'><strong>atque</strong></span> <span class='ocrx_word' id='word_1_19' title='bbox 1589 555 1655 614; x_wconf 89' lang='lat' dir='ltr'><strong>in</strong></span> <span class='ocrx_word' id='word_1_20' title='bbox 1696 554 1955 615; x_wconf 90' lang='lat' dir='ltr'><strong>hostium</strong></span> <span class='ocrx_word' id='word_1_21' title='bbox 1993 572 2174 615; x_wconf 81' lang='lat' dir='ltr'><strong>naves</strong></span> 
     </span>
     <span class='ocr_line' id='line_1_4' title="bbox 210 637 2174 717; baseline -0.003 -13"><span class='ocrx_word' id='word_1_22' title='bbox 210 639 783 714; x_wconf 81' lang='lat' dir='ltr'><strong>transcendebant,</strong></span> <span class='ocrx_word' id='word_1_23' title='bbox 839 645 900 699; x_wconf 90' lang='lat' dir='ltr'><strong>et</strong></span> <span class='ocrx_word' id='word_1_24' title='bbox 937 655 1151 715; x_wconf 90' lang='lat' dir='ltr'><strong>magno</strong></span> <span class='ocrx_word' id='word_1_25' title='bbox 1191 655 1443 698; x_wconf 90' lang='lat' dir='ltr'><strong>numero</strong></span> <span class='ocrx_word' id='word_1_26' title='bbox 1484 637 1833 699; x_wconf 82' lang='lat' dir='ltr'><strong>Albicorum</strong></span> <span class='ocrx_word' id='word_1_27' title='bbox 1873 645 1934 698; x_wconf 87' lang='lat' dir='ltr'><strong>et</strong></span> <span class='ocrx_word' id='word_1_28' title='bbox 1976 645 2174 717; x_wconf 89' lang='lat' dir='ltr'><strong>pasto·</strong></span> 
     </span>
     <span class='ocr_line' id='line_1_5' title="bbox 212 719 2177 801; baseline -0.004 -14"><span class='ocrx_word' id='word_1_29' title='bbox 212 744 385 787; x_wconf 81' lang='lat' dir='ltr'><strong>rum</strong></span> <span class='ocrx_word' id='word_1_30' title='bbox 414 725 731 785; x_wconf 87' lang='lat' dir='ltr'><strong>interfecto</strong></span> <span class='ocrx_word' id='word_1_31' title='bbox 761 730 993 801; x_wconf 89' lang='lat' dir='ltr'><strong>partem</strong></span> <span class='ocrx_word' id='word_1_32' title='bbox 1022 723 1261 783; x_wconf 87' lang='lat' dir='ltr'><strong>navium</strong></span> <span class='ocrx_word' id='word_1_33' title='bbox 1293 723 1654 800; x_wconf 89' lang='lat' dir='ltr'><strong>deprimunt,</strong></span> <span class='ocrx_word' id='word_1_34' title='bbox 1697 719 2012 783; x_wconf 90' lang='lat' dir='ltr'><strong>nonnullas</strong></span> <span class='ocrx_word' id='word_1_35' title='bbox 2041 738 2177 781; x_wconf 90' lang='lat' dir='ltr'><strong>cum</strong></span> 
     </span>
     <span class='ocr_line' id='line_1_6' title="bbox 216 805 2223 887; baseline -0.004 -16"><span class='ocrx_word' id='word_1_36' title='bbox 216 807 596 871; x_wconf 81' lang='lat' dir='ltr'><strong>hominibus</strong></span> <span class='ocrx_word' id='word_1_37' title='bbox 635 809 908 887; x_wconf 90' lang='lat' dir='ltr'><strong>capiunt,</strong></span> <span class='ocrx_word' id='word_1_38' title='bbox 950 805 1212 885; x_wconf 89' lang='lat' dir='ltr'><strong>reliquas</strong></span> <span class='ocrx_word' id='word_1_39' title='bbox 1248 808 1313 866; x_wconf 92' lang='lat' dir='ltr'><strong>in</strong></span> <span class='ocrx_word' id='word_1_40' title='bbox 1353 813 1593 885; x_wconf 90' lang='lat' dir='ltr'><strong>portum</strong></span> <span class='ocrx_word' id='word_1_41' title='bbox 1634 805 2016 884; x_wconf 90' lang='lat' dir='ltr'><strong>compellunt.</strong></span> <span class='ocrx_word' id='word_1_42' title='bbox 2087 805 2173 865; x_wconf 89' lang='lat' dir='ltr'><strong>Eo</strong></span> <span class='ocrx_word' id='word_1_43' title='bbox 2194 814 2223 863; x_wconf 69' lang='grc' dir='ltr'>ὀ</span> 
     </span>
     <span class='ocr_line' id='line_1_7' title="bbox 218 891 2176 969; baseline -0.003 -15"><span class='ocrx_word' id='word_1_44' title='bbox 218 895 349 955; x_wconf 86' lang='lat' dir='ltr'><strong>die</strong></span> <span class='ocrx_word' id='word_1_45' title='bbox 380 910 563 953; x_wconf 86' lang='lat' dir='ltr'><strong>naves</strong></span> <span class='ocrx_word' id='word_1_46' title='bbox 591 891 1052 953; x_wconf 80' lang='lat' dir='ltr'><strong>Massiliensium</strong></span> <span class='ocrx_word' id='word_1_47' title='bbox 1080 908 1216 950; x_wconf 93' lang='lat' dir='ltr'><strong>cum</strong></span> <span class='ocrx_word' id='word_1_48' title='bbox 1244 891 1341 958; x_wconf 85' lang='lat' dir='ltr'><strong>iis,</strong></span> <span class='ocrx_word' id='word_1_49' title='bbox 1373 908 1525 969; x_wconf 90' lang='lat' dir='ltr'><strong>quae</strong></span> <span class='ocrx_word' id='word_1_50' title='bbox 1557 897 1696 950; x_wconf 87' lang='lat' dir='ltr'><strong>sunt</strong></span> <span class='ocrx_word' id='word_1_51' title='bbox 1729 897 1955 969; x_wconf 88' lang='lat' dir='ltr'><strong>captae,</strong></span> <span class='ocrx_word' id='word_1_52' title='bbox 1988 891 2176 953; x_wconf 69' lang='lat' dir='ltr'><strong>inter-</strong></span> 
     </span>
     <span class='ocr_line' id='line_1_8' title="bbox 225 985 606 1038; baseline -0.003 0"><span class='ocrx_word' id='word_1_53' title='bbox 225 985 400 1038; x_wconf 81' lang='lat' dir='ltr'><strong>eunt</strong></span> <span class='ocrx_word' id='word_1_54' title='bbox 427 988 606 1037; x_wconf 85' lang='lat' dir='ltr'><strong>V1111.</strong></span> 
     </span>
    </p>

    <p class='ocr_par' dir='ltr' id='par_1_3' title="bbox 235 1057 2233 1893">
     <span class='ocr_line' id='line_1_9' title="bbox 377 1057 2225 1138; baseline -0.003 -17"><span class='ocrx_word' id='word_1_55' title='bbox 377 1059 607 1121; x_wconf 89' lang='lat' dir='ltr'><strong>LVIIII.</strong></span> <span class='ocrx_word' id='word_1_56' title='bbox 677 1060 802 1120; x_wconf 92' lang='lat' dir='ltr'><strong>Hoc</strong></span> <span class='ocrx_word' id='word_1_57' title='bbox 842 1062 1104 1138; x_wconf 91' lang='lat' dir='ltr'><strong>primum</strong></span> <span class='ocrx_word' id='word_1_58' title='bbox 1140 1058 1380 1119; x_wconf 84' lang='lat' dir='ltr'><strong>Caesari</strong></span> <span class='ocrx_word' id='word_1_59' title='bbox 1423 1058 1496 1118; x_wconf 92' lang='lat' dir='ltr'><strong>ad</strong></span> <span class='ocrx_word' id='word_1_60' title='bbox 1539 1057 1795 1119; x_wconf 87' lang='lat' dir='ltr'><strong>Ilerdam</strong></span> <span class='ocrx_word' id='word_1_61' title='bbox 1834 1059 2174 1127; x_wconf 64' lang='lat' dir='ltr'><strong>nuntiatum</strong></span> <span class='ocrx_word' id='word_1_62' title='bbox 2200 1066 2225 1114; x_wconf 89' lang='lat'>1</span> 
     </span>
     <span class='ocr_line' id='line_1_10' title="bbox 235 1141 2228 1224; baseline -0.004 -18"><span class='ocrx_word' id='word_1_63' title='bbox 235 1145 434 1206; x_wconf 86' lang='lat' dir='ltr'><strong>simul</strong></span> <span class='ocrx_word' id='word_1_64' title='bbox 447 1141 731 1224; x_wconf 81' lang='lat' dir='ltr'><strong>&#39;perfecto</strong></span> <span class='ocrx_word' id='word_1_65' title='bbox 771 1150 953 1223; x_wconf 90' lang='lat' dir='ltr'><strong>ponte</strong></span> <span class='ocrx_word' id='word_1_66' title='bbox 983 1141 1264 1203; x_wconf 82' lang='lat' dir='ltr'><strong>celeriter</strong></span> <span class='ocrx_word' id='word_1_67' title='bbox 1303 1143 1542 1203; x_wconf 83' lang='lat' dir='ltr'><strong>fortuna</strong></span> <span class='ocrx_word' id='word_1_68' title='bbox 1569 1148 1854 1202; x_wconf 90' lang='lat' dir='ltr'><strong>mutatur.</strong></span> <span class='ocrx_word' id='word_1_69' title='bbox 1913 1142 2008 1203; x_wconf 92' lang='lat' dir='ltr'><strong>Illi</strong></span> <span class='ocrx_word' id='word_1_70' title='bbox 2036 1159 2173 1220; x_wconf 90' lang='lat' dir='ltr'><strong>per·</strong></span> <span class='ocrx_word' id='word_1_71' title='bbox 2195 1149 2228 1198; x_wconf 81' lang='lat'><strong>2</strong></span> 
     </span>
     <span class='ocr_line' id='line_1_11' title="bbox 236 1225 2177 1306; baseline -0.003 -16"><span class='ocrx_word' id='word_1_72' title='bbox 236 1230 457 1290; x_wconf 89' lang='lat' dir='ltr'><strong>territi</strong></span> <span class='ocrx_word' id='word_1_73' title='bbox 485 1230 703 1288; x_wconf 80' lang='lat' dir='ltr'><strong>virtute</strong></span> <span class='ocrx_word' id='word_1_74' title='bbox 734 1229 1002 1306; x_wconf 90' lang='lat' dir='ltr'><strong>equitum</strong></span> <span class='ocrx_word' id='word_1_75' title='bbox 1032 1229 1232 1286; x_wconf 90' lang='lat' dir='ltr'><strong>minus</strong></span> <span class='ocrx_word' id='word_1_76' title='bbox 1259 1225 1480 1296; x_wconf 88' lang='lat' dir='ltr'><strong>libere,</strong></span> <span class='ocrx_word' id='word_1_77' title='bbox 1527 1228 1731 1287; x_wconf 89' lang='lat' dir='ltr'><strong>minus</strong></span> <span class='ocrx_word' id='word_1_78' title='bbox 1769 1225 2050 1286; x_wconf 87' lang='lat' dir='ltr'><strong>audacter</strong></span> <span class='ocrx_word' id='word_1_79' title='bbox 2084 1243 2177 1286; x_wconf 88' lang='lat' dir='ltr'><strong>va-</strong></span> 
     </span>
     <span class='ocr_line' id='line_1_12' title="bbox 237 1310 2181 1391; baseline -0.002 -18"><span class='ocrx_word' id='word_1_80' title='bbox 237 1312 576 1391; x_wconf 82' lang='lat' dir='ltr'><strong>gabantur,</strong></span> <span class='ocrx_word' id='word_1_81' title='bbox 620 1312 767 1372; x_wconf 87' lang='lat' dir='ltr'><strong>alias</strong></span> <span class='ocrx_word' id='word_1_82' title='bbox 805 1328 927 1372; x_wconf 91' lang='lat' dir='ltr'><strong>non</strong></span> <span class='ocrx_word' id='word_1_83' title='bbox 966 1310 1143 1387; x_wconf 90' lang='lat' dir='ltr'><strong>longo</strong></span> <span class='ocrx_word' id='word_1_84' title='bbox 1172 1328 1206 1370; x_wconf 90' lang='lat' dir='ltr'><strong>a</strong></span> <span class='ocrx_word' id='word_1_85' title='bbox 1248 1311 1463 1370; x_wconf 90' lang='lat' dir='ltr'><strong>castris</strong></span> <span class='ocrx_word' id='word_1_86' title='bbox 1502 1312 1803 1388; x_wconf 81' lang='lat' dir='ltr'><strong>progressi</strong></span> <span class='ocrx_word' id='word_1_87' title='bbox 1846 1312 2039 1389; x_wconf 89' lang='lat' dir='ltr'><strong>spatio</strong></span> <span class='ocrx_word' id='word_1_88' title='bbox 2053 1355 2069 1379; x_wconf 92' lang='lat'><strong>,</strong></span> <span class='ocrx_word' id='word_1_89' title='bbox 2113 1316 2181 1368; x_wconf 93' lang='lat' dir='ltr'><strong>ut</strong></span> 
     </span>
     <span class='ocr_line' id='line_1_13' title="bbox 241 1392 2183 1475; baseline -0.002 -18"><span class='ocrx_word' id='word_1_90' title='bbox 241 1396 516 1458; x_wconf 87' lang='lat' dir='ltr'><strong>celerem</strong></span> <span class='ocrx_word' id='word_1_91' title='bbox 535 1402 849 1475; x_wconf 89' lang='lat' dir='ltr'><strong>receptum</strong></span> <span class='ocrx_word' id='word_1_92' title='bbox 869 1393 1182 1462; x_wconf 89' lang='lat' dir='ltr'><strong>haberent,</strong></span> <span class='ocrx_word' id='word_1_93' title='bbox 1207 1396 1520 1470; x_wconf 89' lang='lat' dir='ltr'><strong>angustius</strong></span> <span class='ocrx_word' id='word_1_94' title='bbox 1548 1392 2005 1473; x_wconf 89' lang='lat' dir='ltr'><strong>pabulabantur,</strong></span> <span class='ocrx_word' id='word_1_95' title='bbox 2032 1393 2183 1453; x_wconf 89' lang='lat' dir='ltr'><strong>alias</strong></span> 
     </span>
     <span class='ocr_line' id='line_1_14' title="bbox 240 1476 2176 1558; baseline -0.003 -17"><span class='ocrx_word' id='word_1_96' title='bbox 240 1480 522 1558; x_wconf 85' lang='lat' dir='ltr'><strong>longiore</strong></span> <span class='ocrx_word' id='word_1_97' title='bbox 553 1480 815 1540; x_wconf 89' lang='lat' dir='ltr'><strong>circuitu</strong></span> <span class='ocrx_word' id='word_1_98' title='bbox 845 1479 1147 1539; x_wconf 88' lang='lat' dir='ltr'><strong>custodias</strong></span> <span class='ocrx_word' id='word_1_99' title='bbox 1175 1479 1583 1558; x_wconf 85' lang='lat' dir='ltr'><strong>stationesque</strong></span> <span class='ocrx_word' id='word_1_100' title='bbox 1603 1480 1871 1557; x_wconf 90' lang='lat' dir='ltr'><strong>equitum</strong></span> <span class='ocrx_word' id='word_1_101' title='bbox 1891 1476 2176 1545; x_wconf 86' lang='lat' dir='ltr'><strong>vitabant,</strong></span> 
     </span>
     <span class='ocr_line' id='line_1_15' title="bbox 248 1561 2181 1643; baseline -0.002 -18"><span class='ocrx_word' id='word_1_102' title='bbox 248 1573 359 1625; x_wconf 89' lang='lat' dir='ltr'><strong>aut</strong></span> <span class='ocrx_word' id='word_1_103' title='bbox 400 1564 602 1643; x_wconf 91' lang='lat' dir='ltr'><strong>aliquo</strong></span> <span class='ocrx_word' id='word_1_104' title='bbox 644 1573 888 1643; x_wconf 89' lang='lat' dir='ltr'><strong>accepto</strong></span> <span class='ocrx_word' id='word_1_105' title='bbox 931 1563 1290 1623; x_wconf 88' lang='lat' dir='ltr'><strong>detrimento</strong></span> <span class='ocrx_word' id='word_1_106' title='bbox 1335 1568 1439 1623; x_wconf 91' lang='lat' dir='ltr'><strong>aut</strong></span> <span class='ocrx_word' id='word_1_107' title='bbox 1487 1561 1696 1640; x_wconf 89' lang='lat' dir='ltr'><strong>procul</strong></span> <span class='ocrx_word' id='word_1_108' title='bbox 1745 1563 2014 1641; x_wconf 87' lang='lat' dir='ltr'><strong>equitatu</strong></span> <span class='ocrx_word' id='word_1_109' title='bbox 2051 1562 2181 1621; x_wconf 84' lang='lat' dir='ltr'><strong>viso</strong></span> 
     </span>
     <span class='ocr_line' id='line_1_16' title="bbox 251 1644 2233 1726; baseline -0.003 -18"><span class='ocrx_word' id='word_1_110' title='bbox 251 1667 329 1708; x_wconf 88' lang='lat' dir='ltr'><strong>ex</strong></span> <span class='ocrx_word' id='word_1_111' title='bbox 358 1649 557 1709; x_wconf 89' lang='lat' dir='ltr'><strong>medio</strong></span> <span class='ocrx_word' id='word_1_112' title='bbox 586 1649 806 1709; x_wconf 91' lang='lat' dir='ltr'><strong>itinere</strong></span> <span class='ocrx_word' id='word_1_113' title='bbox 844 1648 1129 1726; x_wconf 90' lang='lat' dir='ltr'><strong>proiectis</strong></span> <span class='ocrx_word' id='word_1_114' title='bbox 1168 1647 1427 1706; x_wconf 88' lang='lat' dir='ltr'><strong>sarcinis</strong></span> <span class='ocrx_word' id='word_1_115' title='bbox 1465 1644 1797 1723; x_wconf 81' lang='lat' dir='ltr'><strong>fugiebant.</strong></span> <span class='ocrx_word' id='word_1_116' title='bbox 1869 1645 2179 1705; x_wconf 88' lang='lat' dir='ltr'><strong>Postremo</strong></span> <span class='ocrx_word' id='word_1_117' title='bbox 2200 1651 2233 1700; x_wconf 82' lang='grc'><strong>3</strong></span> 
     </span>
     <span class='ocr_line' id='line_1_17' title="bbox 250 1728 2182 1810; baseline -0.002 -18"><span class='ocrx_word' id='word_1_118' title='bbox 250 1739 317 1792; x_wconf 89' lang='lat' dir='ltr'><strong>et</strong></span> <span class='ocrx_word' id='word_1_119' title='bbox 346 1732 553 1810; x_wconf 89' lang='lat' dir='ltr'><strong>plures</strong></span> <span class='ocrx_word' id='word_1_120' title='bbox 581 1733 983 1793; x_wconf 89' lang='lat' dir='ltr'><strong>intermittere</strong></span> <span class='ocrx_word' id='word_1_121' title='bbox 1013 1732 1144 1791; x_wconf 89' lang='lat' dir='ltr'><strong>dies</strong></span> <span class='ocrx_word' id='word_1_122' title='bbox 1172 1738 1234 1791; x_wconf 91' lang='lat' dir='ltr'><strong>et</strong></span> <span class='ocrx_word' id='word_1_123' title='bbox 1266 1737 1508 1809; x_wconf 87' lang='lat' dir='ltr'><strong>praeter</strong></span> <span class='ocrx_word' id='word_1_124' title='bbox 1536 1728 2027 1790; x_wconf 89' lang='lat' dir='ltr'><strong>consuetudinem</strong></span> <span class='ocrx_word' id='word_1_125' title='bbox 2057 1746 2182 1788; x_wconf 90' lang='lat' dir='ltr'><strong>om·</strong></span> 
     </span>
     <span class='ocr_line' id='line_1_18' title="bbox 255 1814 1415 1893; baseline -0.002 -17"><span class='ocrx_word' id='word_1_126' title='bbox 255 1818 425 1876; x_wconf 92' lang='lat' dir='ltr'><strong>nium</strong></span> <span class='ocrx_word' id='word_1_127' title='bbox 453 1822 635 1876; x_wconf 90' lang='lat' dir='ltr'><strong>noctu</strong></span> <span class='ocrx_word' id='word_1_128' title='bbox 662 1818 1098 1876; x_wconf 89' lang='lat' dir='ltr'><strong>constituerant</strong></span> <span class='ocrx_word' id='word_1_129' title='bbox 1124 1814 1415 1893; x_wconf 86' lang='lat' dir='ltr'><strong>pabulari.</strong></span> 
     </span>
    </p>

    <p class='ocr_par' dir='ltr' id='par_1_4' title="bbox 257 1897 2238 3152">
     <span class='ocr_line' id='line_1_19' title="bbox 383 1897 2227 1976; baseline -0.002 -19"><span class='ocrx_word' id='word_1_130' title='bbox 383 1897 506 1959; x_wconf 89' lang='lat' dir='ltr'><strong>LX.</strong></span> <span class='ocrx_word' id='word_1_131' title='bbox 589 1899 838 1959; x_wconf 90' lang='lat' dir='ltr'><strong>Interim</strong></span> <span class='ocrx_word' id='word_1_132' title='bbox 893 1898 1183 1959; x_wconf 88' lang='lat' dir='ltr'><strong>Oscenses</strong></span> <span class='ocrx_word' id='word_1_133' title='bbox 1232 1905 1293 1958; x_wconf 93' lang='lat' dir='ltr'><strong>et</strong></span> <span class='ocrx_word' id='word_1_134' title='bbox 1338 1897 1792 1976; x_wconf 85' lang='lat' dir='ltr'><strong>Calagurritani,</strong></span> <span class='ocrx_word' id='word_1_135' title='bbox 1846 1898 1948 1976; x_wconf 91' lang='lat' dir='ltr'><strong>qui</strong></span> <span class='ocrx_word' id='word_1_136' title='bbox 2003 1903 2174 1958; x_wconf 89' lang='lat' dir='ltr'><strong>erant</strong></span> <span class='ocrx_word' id='word_1_137' title='bbox 2198 1906 2227 1954; x_wconf 87' lang='lat'><strong>1</strong></span> 
     </span>
     <span class='ocr_line' id='line_1_20' title="bbox 257 1980 2180 2058; baseline -0.002 -14"><span class='ocrx_word' id='word_1_138' title='bbox 257 2001 398 2044; x_wconf 91' lang='lat' dir='ltr'><strong>cum</strong></span> <span class='ocrx_word' id='word_1_139' title='bbox 429 1980 796 2042; x_wconf 90' lang='lat' dir='ltr'><strong>Oscensibus</strong></span> <span class='ocrx_word' id='word_1_140' title='bbox 835 1981 1182 2051; x_wconf 88' lang='lat' dir='ltr'><strong>contributi,</strong></span> <span class='ocrx_word' id='word_1_141' title='bbox 1212 1984 1460 2043; x_wconf 90' lang='lat' dir='ltr'><strong>mittunt</strong></span> <span class='ocrx_word' id='word_1_142' title='bbox 1489 1983 1563 2042; x_wconf 90' lang='lat' dir='ltr'><strong>ad</strong></span> <span class='ocrx_word' id='word_1_143' title='bbox 1594 2000 1732 2042; x_wconf 91' lang='lat' dir='ltr'><strong>eum</strong></span> <span class='ocrx_word' id='word_1_144' title='bbox 1766 1980 1991 2058; x_wconf 89' lang='lat' dir='ltr'><strong>legatos</strong></span> <span class='ocrx_word' id='word_1_145' title='bbox 2022 1998 2180 2042; x_wconf 88' lang='lat' dir='ltr'><strong>sese-</strong></span> 
     </span>
     <span class='ocr_line' id='line_1_21' title="bbox 257 2064 2233 2149; baseline -0.003 -21"><span class='ocrx_word' id='word_1_146' title='bbox 257 2086 376 2149; x_wconf 91' lang='lat' dir='ltr'><strong>que</strong></span> <span class='ocrx_word' id='word_1_147' title='bbox 430 2067 726 2145; x_wconf 90' lang='lat' dir='ltr'><strong>imperata</strong></span> <span class='ocrx_word' id='word_1_148' title='bbox 775 2065 1034 2125; x_wconf 81' lang='lat' dir='ltr'><strong>facturos</strong></span> <span class='ocrx_word' id='word_1_149' title='bbox 1084 2064 1459 2144; x_wconf 88' lang='lat' dir='ltr'><strong>pollicentur.</strong></span> <span class='ocrx_word' id='word_1_150' title='bbox 1539 2066 1661 2126; x_wconf 87' lang='lat' dir='ltr'><strong>Hos</strong></span> <span class='ocrx_word' id='word_1_151' title='bbox 1703 2065 2233 2126; x_wconf 71' lang='lat' dir='ltr'><strong>Tarraconensess</strong></span> 
     </span>
     <span class='ocr_line' id='line_1_22' title="bbox 258 2151 2182 2229; baseline -0.002 -16"><span class='ocrx_word' id='word_1_152' title='bbox 258 2160 321 2214; x_wconf 90' lang='lat' dir='ltr'><strong>et</strong></span> <span class='ocrx_word' id='word_1_153' title='bbox 349 2151 612 2213; x_wconf 89' lang='lat' dir='ltr'><strong>Iacetani</strong></span> <span class='ocrx_word' id='word_1_154' title='bbox 644 2158 705 2211; x_wconf 89' lang='lat' dir='ltr'><strong>et</strong></span> <span class='ocrx_word' id='word_1_155' title='bbox 717 2151 1000 2211; x_wconf 82' lang='lat' dir='ltr'><strong>Ausetani</strong></span> <span class='ocrx_word' id='word_1_156' title='bbox 1031 2156 1093 2209; x_wconf 90' lang='lat' dir='ltr'><strong>et</strong></span> <span class='ocrx_word' id='word_1_157' title='bbox 1120 2152 1326 2229; x_wconf 90' lang='lat' dir='ltr'><strong>paucis</strong></span> <span class='ocrx_word' id='word_1_158' title='bbox 1352 2158 1488 2229; x_wconf 87' lang='lat' dir='ltr'><strong>post</strong></span> <span class='ocrx_word' id='word_1_159' title='bbox 1511 2151 1723 2212; x_wconf 90' lang='lat' dir='ltr'><strong>diebus</strong></span> <span class='ocrx_word' id='word_1_160' title='bbox 1745 2151 2182 2227; x_wconf 87' lang='lat' dir='ltr'><strong>Illurgavonen-</strong></span> 
     </span>
     <span class='ocr_line' id='line_1_23' title="bbox 257 2232 2237 2315; baseline -0.003 -18"><span class='ocrx_word' id='word_1_161' title='bbox 257 2255 385 2307; x_wconf 90' lang='lat' dir='ltr'><strong>ses,</strong></span> <span class='ocrx_word' id='word_1_162' title='bbox 429 2236 535 2315; x_wconf 90' lang='lat' dir='ltr'><strong>qui</strong></span> <span class='ocrx_word' id='word_1_163' title='bbox 575 2234 799 2295; x_wconf 89' lang='lat' dir='ltr'><strong>flumen</strong></span> <span class='ocrx_word' id='word_1_164' title='bbox 831 2232 1126 2294; x_wconf 90' lang='lat' dir='ltr'><strong>Hiberum</strong></span> <span class='ocrx_word' id='word_1_165' title='bbox 1169 2236 1495 2311; x_wconf 87' lang='lat' dir='ltr'><strong>attingunt,</strong></span> <span class='ocrx_word' id='word_1_166' title='bbox 1538 2237 1954 2315; x_wconf 90' lang='lat' dir='ltr'><strong>insequuntur.</strong></span> <span class='ocrx_word' id='word_1_167' title='bbox 2024 2233 2237 2294; x_wconf 71' lang='lat' dir='ltr'><strong>Petita</strong></span> 
     </span>
     <span class='ocr_line' id='line_1_24' title="bbox 261 2317 2184 2398; baseline -0.003 -16"><span class='ocrx_word' id='word_1_168' title='bbox 261 2320 336 2382; x_wconf 88' lang='lat' dir='ltr'><strong>ab</strong></span> <span class='ocrx_word' id='word_1_169' title='bbox 365 2320 461 2381; x_wconf 91' lang='lat' dir='ltr'><strong>his</strong></span> <span class='ocrx_word' id='word_1_170' title='bbox 493 2318 789 2388; x_wconf 88' lang='lat' dir='ltr'><strong>omnibus,</strong></span> <span class='ocrx_word' id='word_1_171' title='bbox 823 2325 891 2379; x_wconf 92' lang='lat' dir='ltr'><strong>ut</strong></span> <span class='ocrx_word' id='word_1_172' title='bbox 913 2335 977 2378; x_wconf 90' lang='lat' dir='ltr'><strong>se</strong></span> <span class='ocrx_word' id='word_1_173' title='bbox 1007 2317 1307 2378; x_wconf 77' lang='lat' dir='ltr'><strong>frumento</strong></span> <span class='ocrx_word' id='word_1_174' title='bbox 1336 2320 1559 2380; x_wconf 86' lang='lat' dir='ltr'><strong>iuvent.</strong></span> <span class='ocrx_word' id='word_1_175' title='bbox 1611 2319 1979 2380; x_wconf 90' lang='lat' dir='ltr'><strong>Pollicentur</strong></span> <span class='ocrx_word' id='word_1_176' title='bbox 2009 2323 2184 2398; x_wconf 89' lang='lat' dir='ltr'><strong>atque</strong></span> 
     </span>
     <span class='ocr_line' id='line_1_25' title="bbox 262 2402 2183 2483; baseline -0.001 -19"><span class='ocrx_word' id='word_1_177' title='bbox 262 2402 542 2465; x_wconf 89' lang='lat' dir='ltr'><strong>omnibus</strong></span> <span class='ocrx_word' id='word_1_178' title='bbox 581 2404 846 2483; x_wconf 90' lang='lat' dir='ltr'><strong>undique</strong></span> <span class='ocrx_word' id='word_1_179' title='bbox 892 2403 1248 2481; x_wconf 89' lang='lat' dir='ltr'><strong>conquisitis</strong></span> <span class='ocrx_word' id='word_1_180' title='bbox 1297 2402 1581 2463; x_wconf 90' lang='lat' dir='ltr'><strong>iumentis</strong></span> <span class='ocrx_word' id='word_1_181' title='bbox 1622 2405 1689 2463; x_wconf 93' lang='lat' dir='ltr'><strong>in</strong></span> <span class='ocrx_word' id='word_1_182' title='bbox 1732 2410 1928 2464; x_wconf 90' lang='lat' dir='ltr'><strong>castra</strong></span> <span class='ocrx_word' id='word_1_183' title='bbox 1970 2403 2183 2482; x_wconf 90' lang='lat' dir='ltr'><strong>depor-</strong></span> 
     </span>
     <span class='ocr_line' id='line_1_26' title="bbox 261 2484 2236 2563; baseline -0.003 -14"><span class='ocrx_word' id='word_1_184' title='bbox 261 2494 413 2549; x_wconf 89' lang='lat' dir='ltr'><strong>tant.</strong></span> <span class='ocrx_word' id='word_1_185' title='bbox 486 2488 728 2549; x_wconf 88' lang='lat' dir='ltr'><strong>Transit</strong></span> <span class='ocrx_word' id='word_1_186' title='bbox 768 2488 948 2547; x_wconf 90' lang='lat' dir='ltr'><strong>etiam</strong></span> <span class='ocrx_word' id='word_1_187' title='bbox 990 2485 1205 2546; x_wconf 86' lang='lat' dir='ltr'><strong>cohors</strong></span> <span class='ocrx_word' id='word_1_188' title='bbox 1246 2484 1744 2563; x_wconf 84' lang='lat' dir='ltr'><strong>Illurgavonensis</strong></span> <span class='ocrx_word' id='word_1_189' title='bbox 1785 2488 1859 2548; x_wconf 92' lang='lat' dir='ltr'><strong>ad</strong></span> <span class='ocrx_word' id='word_1_190' title='bbox 1911 2505 2047 2547; x_wconf 92' lang='lat' dir='ltr'><strong>eum</strong></span> <span class='ocrx_word' id='word_1_191' title='bbox 2083 2505 2181 2547; x_wconf 89' lang='lat' dir='ltr'><strong>co·</strong></span> <span class='ocrx_word' id='word_1_192' title='bbox 2203 2494 2236 2543; x_wconf 80' lang='lat'>4</span> 
     </span>
     <span class='ocr_line' id='line_1_27' title="bbox 265 2570 2182 2649; baseline -0.001 -18"><span class='ocrx_word' id='word_1_193' title='bbox 265 2571 425 2649; x_wconf 87' lang='lat' dir='ltr'><strong>gnito</strong></span> <span class='ocrx_word' id='word_1_194' title='bbox 475 2573 728 2633; x_wconf 88' lang='lat' dir='ltr'><strong>civitatis</strong></span> <span class='ocrx_word' id='word_1_195' title='bbox 784 2570 1035 2631; x_wconf 89' lang='lat' dir='ltr'><strong>consilio</strong></span> <span class='ocrx_word' id='word_1_196' title='bbox 1095 2577 1156 2630; x_wconf 89' lang='lat' dir='ltr'><strong>et</strong></span> <span class='ocrx_word' id='word_1_197' title='bbox 1213 2570 1384 2646; x_wconf 83' lang='lat' dir='ltr'><strong>signa</strong></span> <span class='ocrx_word' id='word_1_198' title='bbox 1443 2587 1516 2630; x_wconf 85' lang='lat' dir='ltr'><strong>ex</strong></span> <span class='ocrx_word' id='word_1_199' title='bbox 1563 2573 1819 2631; x_wconf 88' lang='lat' dir='ltr'><strong>statione</strong></span> <span class='ocrx_word' id='word_1_200' title='bbox 1879 2572 2182 2632; x_wconf 79' lang='lat' dir='ltr'><strong>transfert.</strong></span> 
     </span>
     <span class='ocr_line' id='line_1_28' title="bbox 265 2652 2238 2734; baseline -0.001 -19"><span class='ocrx_word' id='word_1_201' title='bbox 265 2655 473 2732; x_wconf 88' lang='lat' dir='ltr'><strong>Magna</strong></span> <span class='ocrx_word' id='word_1_202' title='bbox 503 2656 784 2716; x_wconf 87' lang='lat' dir='ltr'><strong>celeriter</strong></span> <span class='ocrx_word' id='word_1_203' title='bbox 812 2654 1195 2716; x_wconf 89' lang='lat' dir='ltr'><strong>commutatio</strong></span> <span class='ocrx_word' id='word_1_204' title='bbox 1224 2671 1449 2713; x_wconf 90' lang='lat' dir='ltr'><strong>rerum.</strong></span> <span class='ocrx_word' id='word_1_205' title='bbox 1508 2652 1782 2715; x_wconf 85' lang='lat' dir='ltr'><strong>Perfecto</strong></span> <span class='ocrx_word' id='word_1_206' title='bbox 1812 2662 2021 2734; x_wconf 91' lang='lat' dir='ltr'><strong>ponte,</strong></span> <span class='ocrx_word' id='word_1_207' title='bbox 2058 2674 2181 2715; x_wconf 89' lang='lat' dir='ltr'><strong>ma·</strong></span> <span class='ocrx_word' id='word_1_208' title='bbox 2205 2663 2238 2713; x_wconf 83' lang='lat'>5</span> 
     </span>
     <span class='ocr_line' id='line_1_29' title="bbox 268 2737 2190 2819; baseline 0.001 -21"><span class='ocrx_word' id='word_1_209' title='bbox 268 2740 401 2815; x_wconf 90' lang='lat' dir='ltr'><strong>gnis</strong></span> <span class='ocrx_word' id='word_1_210' title='bbox 429 2741 692 2818; x_wconf 89' lang='lat' dir='ltr'><strong>quinque</strong></span> <span class='ocrx_word' id='word_1_211' title='bbox 725 2737 1066 2800; x_wconf 87' lang='lat' dir='ltr'><strong>civitatibus</strong></span> <span class='ocrx_word' id='word_1_212' title='bbox 1095 2737 1168 2798; x_wconf 91' lang='lat' dir='ltr'><strong>ad</strong></span> <span class='ocrx_word' id='word_1_213' title='bbox 1211 2739 1535 2798; x_wconf 89' lang='lat' dir='ltr'><strong>amicitiam</strong></span> <span class='ocrx_word' id='word_1_214' title='bbox 1567 2737 1880 2809; x_wconf 78' lang='lat' dir='ltr'><strong>adiunctiS,</strong></span> <span class='ocrx_word' id='word_1_215' title='bbox 1912 2740 2190 2819; x_wconf 85' lang='lat' dir='ltr'><strong>expedita</strong></span> 
     </span>
     <span class='ocr_line' id='line_1_30' title="bbox 268 2821 2185 2900; baseline 0.002 -19"><span class='ocrx_word' id='word_1_216' title='bbox 268 2839 334 2881; x_wconf 93' lang='lat' dir='ltr'><strong>re</strong></span> <span class='ocrx_word' id='word_1_217' title='bbox 364 2821 771 2892; x_wconf 79' lang='lat' dir='ltr'><strong>frumentaria,</strong></span> <span class='ocrx_word' id='word_1_218' title='bbox 805 2825 1087 2884; x_wconf 85' lang='lat' dir='ltr'><strong>extinctis</strong></span> <span class='ocrx_word' id='word_1_219' title='bbox 1113 2821 1459 2883; x_wconf 90' lang='lat' dir='ltr'><strong>rumoribus</strong></span> <span class='ocrx_word' id='word_1_220' title='bbox 1489 2822 1562 2881; x_wconf 92' lang='lat' dir='ltr'><strong>de</strong></span> <span class='ocrx_word' id='word_1_221' title='bbox 1594 2821 1833 2882; x_wconf 85' lang='lat' dir='ltr'><strong>auxiliis</strong></span> <span class='ocrx_word' id='word_1_222' title='bbox 1863 2824 2185 2900; x_wconf 90' lang='lat' dir='ltr'><strong>legionum,</strong></span> 
     </span>
     <span class='ocr_line' id='line_1_31' title="bbox 271 2904 2185 2986; baseline 0.001 -21"><span class='ocrx_word' id='word_1_223' title='bbox 271 2922 419 2983; x_wconf 88' lang='lat' dir='ltr'><strong>quae</strong></span> <span class='ocrx_word' id='word_1_224' title='bbox 460 2922 598 2964; x_wconf 92' lang='lat' dir='ltr'><strong>cum</strong></span> <span class='ocrx_word' id='word_1_225' title='bbox 624 2904 908 2984; x_wconf 89' lang='lat' dir='ltr'><strong>Pompeio</strong></span> <span class='ocrx_word' id='word_1_226' title='bbox 948 2925 1059 2986; x_wconf 92' lang='lat' dir='ltr'><strong>per</strong></span> <span class='ocrx_word' id='word_1_227' title='bbox 1099 2906 1519 2967; x_wconf 90' lang='lat' dir='ltr'><strong>Mauritaniam</strong></span> <span class='ocrx_word' id='word_1_228' title='bbox 1560 2907 1765 2965; x_wconf 86' lang='lat' dir='ltr'><strong>venire</strong></span> <span class='ocrx_word' id='word_1_229' title='bbox 1812 2905 2185 2977; x_wconf 87' lang='lat' dir='ltr'><strong>dicebantur,</strong></span> 
     </span>
     <span class='ocr_line' id='line_1_32' title="bbox 272 2987 2191 3066; baseline 0.002 -18"><span class='ocrx_word' id='word_1_230' title='bbox 272 2987 486 3049; x_wconf 91' lang='lat' dir='ltr'><strong>multae</strong></span> <span class='ocrx_word' id='word_1_231' title='bbox 537 2988 980 3066; x_wconf 87' lang='lat' dir='ltr'><strong>longinquiores</strong></span> <span class='ocrx_word' id='word_1_232' title='bbox 1022 2992 1293 3051; x_wconf 88' lang='lat' dir='ltr'><strong>civitates</strong></span> <span class='ocrx_word' id='word_1_233' title='bbox 1333 2988 1410 3050; x_wconf 88' lang='lat' dir='ltr'><strong>ab</strong></span> <span class='ocrx_word' id='word_1_234' title='bbox 1453 2990 1700 3051; x_wconf 85' lang='lat' dir='ltr'><strong>Afranio</strong></span> <span class='ocrx_word' id='word_1_235' title='bbox 1742 2988 2075 3052; x_wconf 83' lang='lat' dir='ltr'><strong>desciscunt</strong></span> <span class='ocrx_word' id='word_1_236' title='bbox 2130 2998 2191 3052; x_wconf 90' lang='lat' dir='ltr'><strong>et</strong></span> 
     </span>
     <span class='ocr_line' id='line_1_33' title="bbox 274 3072 1269 3152; baseline 0.002 -20"><span class='ocrx_word' id='word_1_237' title='bbox 274 3072 542 3133; x_wconf 87' lang='lat' dir='ltr'><strong>Caesaris</strong></span> <span class='ocrx_word' id='word_1_238' title='bbox 571 3072 897 3132; x_wconf 89' lang='lat' dir='ltr'><strong>amicitiam</strong></span> <span class='ocrx_word' id='word_1_239' title='bbox 918 3081 1269 3152; x_wconf 90' lang='lat' dir='ltr'><strong>sequuntur.</strong></span> 
     </span>
    </p>

    <p class='ocr_par' dir='ltr' id='par_1_5' title="bbox 391 3152 2240 3236">
     <span class='ocr_line' id='line_1_34' title="bbox 391 3152 2240 3236; baseline 0 -19"><span class='ocrx_word' id='word_1_240' title='bbox 391 3154 541 3218; x_wconf 89' lang='lat' dir='ltr'><strong>LXI.</strong></span> <span class='ocrx_word' id='word_1_241' title='bbox 613 3152 844 3224; x_wconf 88' lang='lat' dir='ltr'><strong>Quibus</strong></span> <span class='ocrx_word' id='word_1_242' title='bbox 872 3156 1056 3217; x_wconf 90' lang='lat' dir='ltr'><strong>rebus</strong></span> <span class='ocrx_word' id='word_1_243' title='bbox 1084 3160 1423 3236; x_wconf 87' lang='lat' dir='ltr'><strong>perterritis</strong></span> <span class='ocrx_word' id='word_1_244' title='bbox 1464 3160 1679 3219; x_wconf 86' lang='lat' dir='ltr'><strong>animis</strong></span> <span class='ocrx_word' id='word_1_245' title='bbox 1708 3156 2187 3219; x_wconf 88' lang='lat' dir='ltr'><strong>adversariorum</strong></span> <span class='ocrx_word' id='word_1_246' title='bbox 2213 3168 2240 3217; x_wconf 88' lang='lat'>1</span> 
     </span>
    </p>
   </div>
   <div class='ocr_carea' id='block_1_3' title="bbox 276 3240 2193 3404">
    <p class='ocr_par' dir='ltr' id='par_1_6' title="bbox 276 3240 2193 3404">
     <span class='ocr_line' id='line_1_35' title="bbox 276 3240 2193 3322; baseline 0.001 -21"><span class='ocrx_word' id='word_1_247' title='bbox 276 3240 515 3310; x_wconf 90' lang='lat' dir='ltr'><strong>Caesar,</strong></span> <span class='ocrx_word' id='word_1_248' title='bbox 558 3257 632 3299; x_wconf 91' lang='lat' dir='ltr'><strong>ne</strong></span> <span class='ocrx_word' id='word_1_249' title='bbox 665 3256 902 3318; x_wconf 89' lang='lat' dir='ltr'><strong>semper</strong></span> <span class='ocrx_word' id='word_1_250' title='bbox 932 3258 1145 3317; x_wconf 89' lang='lat' dir='ltr'><strong>magno</strong></span> <span class='ocrx_word' id='word_1_251' title='bbox 1177 3245 1434 3304; x_wconf 92' lang='lat' dir='ltr'><strong>circuitu</strong></span> <span class='ocrx_word' id='word_1_252' title='bbox 1477 3261 1587 3322; x_wconf 91' lang='lat' dir='ltr'><strong>per</strong></span> <span class='ocrx_word' id='word_1_253' title='bbox 1620 3248 1862 3321; x_wconf 90' lang='lat' dir='ltr'><strong>pontem</strong></span> <span class='ocrx_word' id='word_1_254' title='bbox 1893 3242 2193 3319; x_wconf 89' lang='lat' dir='ltr'><strong>equitatus</strong></span> 
     </span>
     <span class='ocr_line' id='line_1_36' title="bbox 276 3323 2192 3404; baseline 0.001 -21"><span class='ocrx_word' id='word_1_255' title='bbox 276 3330 426 3384; x_wconf 90' lang='lat' dir='ltr'><strong>esset</strong></span> <span class='ocrx_word' id='word_1_256' title='bbox 464 3323 821 3393; x_wconf 82' lang='lat' dir='ltr'><strong>mittenduS,</strong></span> <span class='ocrx_word' id='word_1_257' title='bbox 876 3332 1086 3385; x_wconf 90' lang='lat' dir='ltr'><strong>nactus</strong></span> <span class='ocrx_word' id='word_1_258' title='bbox 1129 3325 1406 3387; x_wconf 89' lang='lat' dir='ltr'><strong>idoneum</strong></span> <span class='ocrx_word' id='word_1_259' title='bbox 1457 3327 1680 3396; x_wconf 91' lang='lat' dir='ltr'><strong>locum,</strong></span> <span class='ocrx_word' id='word_1_260' title='bbox 1734 3326 1924 3385; x_wconf 81' lang='lat' dir='ltr'><strong>fossas</strong></span> <span class='ocrx_word' id='word_1_261' title='bbox 1972 3323 2192 3404; x_wconf 91' lang='lat' dir='ltr'><strong>pedum</strong></span> 
     </span>
    </p>
   </div>
   <div class='ocr_carea' id='block_1_4' title="bbox 275 3407 2244 3655">
    <p class='ocr_par' dir='ltr' id='par_1_7' title="bbox 275 3407 2244 3655">
     <span class='ocr_line' id='line_1_37' title="bbox 275 3407 2193 3488; baseline 0.001 -20"><span class='ocrx_word' id='word_1_262' title='bbox 275 3420 417 3468; x_wconf 81' lang='lat' dir='ltr'><strong>xxx</strong></span> <span class='ocrx_word' id='word_1_263' title='bbox 457 3409 520 3468; x_wconf 90' lang='lat' dir='ltr'><strong>in</strong></span> <span class='ocrx_word' id='word_1_264' title='bbox 565 3407 941 3469; x_wconf 90' lang='lat' dir='ltr'><strong>latitudinem</strong></span> <span class='ocrx_word' id='word_1_265' title='bbox 987 3407 1323 3487; x_wconf 91' lang='lat' dir='ltr'><strong>complures</strong></span> <span class='ocrx_word' id='word_1_266' title='bbox 1372 3412 1573 3471; x_wconf 87' lang='lat' dir='ltr'><strong>facere</strong></span> <span class='ocrx_word' id='word_1_267' title='bbox 1628 3412 1919 3478; x_wconf 88' lang='lat' dir='ltr'><strong>instituit,</strong></span> <span class='ocrx_word' id='word_1_268' title='bbox 1974 3408 2193 3488; x_wconf 89' lang='lat' dir='ltr'><strong>quibus</strong></span> 
     </span>
     <span class='ocr_line' id='line_1_38' title="bbox 277 3491 2191 3574; baseline 0.001 -23"><span class='ocrx_word' id='word_1_269' title='bbox 277 3499 500 3571; x_wconf 87' lang='lat' dir='ltr'><strong>partem</strong></span> <span class='ocrx_word' id='word_1_270' title='bbox 523 3491 784 3570; x_wconf 87' lang='lat' dir='ltr'><strong>aliquam</strong></span> <span class='ocrx_word' id='word_1_271' title='bbox 805 3491 1034 3554; x_wconf 90' lang='lat' dir='ltr'><strong>Sicoris</strong></span> <span class='ocrx_word' id='word_1_272' title='bbox 1065 3500 1364 3553; x_wconf 89' lang='lat' dir='ltr'><strong>averteret</strong></span> <span class='ocrx_word' id='word_1_273' title='bbox 1388 3495 1718 3574; x_wconf 87' lang='lat' dir='ltr'><strong>vadumque</strong></span> <span class='ocrx_word' id='word_1_274' title='bbox 1749 3496 1813 3555; x_wconf 91' lang='lat' dir='ltr'><strong>in</strong></span> <span class='ocrx_word' id='word_1_275' title='bbox 1844 3512 1916 3554; x_wconf 90' lang='lat' dir='ltr'><strong>eo</strong></span> <span class='ocrx_word' id='word_1_276' title='bbox 1945 3492 2191 3553; x_wconf 88' lang='lat' dir='ltr'><strong>flumine</strong></span> 
     </span>
     <span class='ocr_line' id='line_1_39' title="bbox 281 3574 2244 3655; baseline 0.001 -20"><span class='ocrx_word' id='word_1_277' title='bbox 281 3576 554 3637; x_wconf 84' lang='lat' dir='ltr'><strong>efficeret.</strong></span> <span class='ocrx_word' id='word_1_278' title='bbox 608 3574 714 3636; x_wconf 89' lang='lat' dir='ltr'><strong>His</strong></span> <span class='ocrx_word' id='word_1_279' title='bbox 746 3593 935 3655; x_wconf 90' lang='lat' dir='ltr'><strong>paene</strong></span> <span class='ocrx_word' id='word_1_280' title='bbox 967 3577 1196 3637; x_wconf 78' lang='lat' dir='ltr'><strong>effectis</strong></span> <span class='ocrx_word' id='word_1_281' title='bbox 1216 3594 1515 3655; x_wconf 75' lang='lat' dir='ltr'><strong>magnum,</strong></span> <span class='ocrx_word' id='word_1_282' title='bbox 1528 3581 1591 3640; x_wconf 91' lang='lat' dir='ltr'><strong>in</strong></span> <span class='ocrx_word' id='word_1_283' title='bbox 1621 3581 1899 3640; x_wconf 87' lang='lat' dir='ltr'><strong>timorem</strong></span> <span class='ocrx_word' id='word_1_284' title='bbox 1911 3578 2191 3639; x_wconf 83' lang='lat' dir='ltr'><strong>Afranius</strong></span> <span class='ocrx_word' id='word_1_285' title='bbox 2213 3586 2244 3635; x_wconf 76' lang='grc'><strong>2</strong></span> 
     </span>
    </p>
   </div>
  </div>
 </body>
</html>
