2750 4255
633 328 675 388 4
1280 328 1377 384 DE
1416 327 1648 385 BELLO
1694 327 1914 385 CIVILI

631 498 773 557 citia
813 500 1106 557 averterat
1143 499 1204 555 et
1241 511 1380 555 oum
1418 494 1833 556 communibus
1883 496 2149 560 inimicis
2196 498 2261 558 in
2301 499 2630 575 gratiam}

632 581 926 651 redierat,
976 596 1230 660 quorum
1272 580 1402 658 ipse
1441 576 1762 641 maximam
1808 588 2041 659 partem
2089 581 2193 644 illo
2234 582 2608 643 adfinitatis

583 673 615 721 5
637 673 908 745 tempore
935 663 1576 736 iniunxeratssaesarh
1607 664 1784 724 simul
1812 664 2057 726 infamia
2087 664 2340 727 duarmn
2369 663 2603 743 legio-

633 767 778 810 num
805 755 1140 828 permotus,
1185 764 1333 826 quas
1362 746 1435 807 ab
1465 750 1683 810 itinere
1713 748 1887 810 Asiae
1917 748 2241 830 Syriaeque
2271 749 2347 810 ad
2393 768 2601 811 suam

632 836 959 914 potentiam
998 834 1485 912 dominatumque
1526 839 1925 901 converterat,
1963 851 2092 894 rem
2134 834 2207 895 ad
2247 851 2416 898 arma
2466 835 2601 896 de·

633 919 772 979 duci
800 916 1094 978 studebat-⁴

585 1012 613 1060 1
761 1001 828 1062 V.
889 1002 996 1062 His
1041 1000 1115 1062 de
1155 1002 1356 1070 causis,
1388 1006 1642 1079 aguntur
1682 1004 1879 1063 omnia
1930 1004 2153 1082 raptim
2203 1011 2384 1081 atque
2437 1010 2600 1063 tur-

635 1085 795 1148 bate.
865 1084 988 1146 Nec
1020 1084 1269 1146 docendi
1303 1085 1571 1147 Caesaris
1600 1087 1957 1165 propinquis
1996 1088 2127 1148 eius
2165 1089 2431 1168 spatium
2466 1086 2598 1147 da-
2629 1101 2630 1172 ᾗ

637 1178 768 1244 tur,
811 1185 926 1232 nec
966 1169 1226 1231 tribunis
1275 1169 1466 1249 plebis
1511 1173 1602 1232 sui
1659 1168 1914 1250 periculi
1955 1171 2316 1249 deprecandi
2362 1188 2597 1249 neque

635 1244 818 1330 etiam
839 1256 1089 1330 extremi
1114 1255 1267 1315 iuris
1286 1256 1713 1316 intercessione
1737 1254 2034 1316 retinendi
2061 1252 2108 1335 [,
2128 1256 2288 1334 quod
2310 1255 2382 1316 L.
2399 1254 2594 1316 Sulla
2629 1285 2630 1294 κ

583 1350 616 1399 2
637 1319 1010 1422 reliquerat‚]
1045 1338 1296 1401 facultas
1335 1338 1650 1409 tribuitur,
1693 1339 1800 1400 sed
1841 1339 1914 1399 de
1946 1357 2052 1400 sua
2080 1340 2268 1402 salute
2302 1342 2597 1439 septimo

637 1424 734 1485 die
764 1426 1027 1502 cogitare
1057 1428 1374 1501 coguntur,
1420 1423 1575 1501 quod
1614 1423 1705 1486 illi
1744 1423 2245 1486 turbulentissimi
2285 1427 2588 1503 superio-

634 1507 803 1568 ribus
829 1506 1202 1587 temporibus
1233 1506 1461 1568 tribuni
1490 1506 1687 1585 plebis
1701 1508 1850 1585 post
1877 1516 2010 1570 octo
2040 1509 2297 1587 denique
2323 1526 2588 1570 menses

585 1601 617 1650 3
642 1593 940 1652 variarum
963 1588 1284 1652 actionum*
1266 1591 1589 1669 respicere
1603 1608 1673 1652 ac
1692 1593 1908 1652 timere
1923 1601 2301 1654 consuerant.
2332 1593 2584 1654 Decur-
2629 1611 2630 1634 ¹

636 1678 793 1736 ritur
830 1676 903 1735 ad
942 1672 1089 1735 illud
1130 1681 1463 1735 extremum
1504 1682 1682 1754 atque
1723 1675 1999 1736 ultimum
2042 1684 2284 1739 senatus
2323 1675 2581 1739 consul·

636 1768 782 1829 tum,
807 1777 923 1839 quo
945 1759 1061 1819 nisi
1091 1776 1279 1837 paene
1310 1759 1373 1818 in
1404 1759 1535 1835 ipso
1555 1758 1727 1820 urbis
1756 1759 2037 1821 incendio
2054 1770 2229 1842 atque
2259 1764 2323 1822 in
2347 1761 2576 1839 despe—

635 1841 865 1910 ratione
895 1844 1160 1909 omnium
1191 1841 1399 1910 salutis
1424 1840 1703 1922 [latorum
1756 1842 2032 1926 audacia]
2070 1864 2395 1925 numquam
2424 1852 2578 1906 ante

639 1927 989 1998 descensum
1022 1933 1141 1987 est:
1188 1926 1329 1987 dent
1361 1944 1607 2007 operam
1638 1929 1927 1999 consules,
1961 1938 2286 2010 praetoreS,
2330 1929 2579 1991 tribuni

636 2010 849 2092 plebiS‚
881 2013 1101 2094 quique
1122 2027 1246 2091 pro
1268 2029 1422 2073 coss.
1444 2010 1576 2075 sint
1594 2012 1668 2075 ad
1697 2014 1928 2084 urbem,
1955 2032 2030 2075 ne
2055 2016 2199 2096 quid
2221 2014 2579 2093 respublica

584 2104 619 2153 4
640 2095 986 2159 detrimenti
1015 2097 1228 2176 capiat.
1289 2097 1450 2158 Haec
1479 2097 1631 2161 SCto
1658 2098 2119 2178 perscribuntur
2148 2118 2201 2160 a.
2234 2097 2291 2157 d.
2318 2110 2440 2157 vn.
2474 2096 2575 2160 Id.

637 2180 762 2242 Ian.
832 2180 1037 2260 Itaque
1066 2194 1112 2240 v
1150 2181 1361 2261 primis
1402 2182 1645 2253 diebuS,
1689 2183 1908 2263 quibus
1939 2180 2158 2255 *haberi
2187 2186 2429 2241 senatus
2455 2197 2574 2258 po-

639 2266 773 2334 tuit,
804 2283 921 2343 qua
952 2283 1024 2326 ex
1056 2264 1152 2333 die
1182 2266 1551 2326 consulatum
1584 2267 1723 2326 iniit
1751 2265 2056 2335 Lentulus,
2102 2263 2285 2324 biduo
2317 2272 2573 2343 excepto

639 2347 921 2410 comitiali
951 2355 1011 2412 et
1054 2349 1126 2409 de
1155 2351 1413 2430 imperio
1444 2351 1713 2415 Caesaris
1755 2358 1815 2411 et
1857 2350 1930 2410 de
1973 2347 2356 2427 amplissimis
2394 2350 2563 2420 viris,

638 2430 902 2501 tribunis
956 2431 1180 2514 plebis,
1241 2437 1592 2513 gravissime
1645 2433 2168 2512 acerbissimeque
2199 2432 2562 2496 decernitur.

588 2524 620 2574 5
641 2516 999 2595 Profugiunt
1029 2520 1228 2579 statim
1259 2538 1332 2580 ex
1361 2519 1513 2580 urbe
1543 2517 1770 2580 tribuni
1814 2517 2007 2598 plebis
2037 2534 2286 2597 seseque
2315 2515 2386 2577 ad
2417 2517 2560 2578 Cae-

640 2612 835 2663 sarem
865 2603 1196 2664 conserunt.
1269 2603 1328 2664 Is
1358 2622 1429 2664 eo
1474 2611 1745 2683 tempore
1780 2609 1908 2663 erat
1936 2601 2250 2662 Ravennae
2292 2606 2558 2680 expecta·

637 2683 858 2765 batque
880 2689 1003 2748 suis
1035 2686 1354 2749 lenissimis
1377 2688 1685 2766 postulatis
1707 2705 2012 2766 responsa,
2038 2687 2232 2766 siqua
2258 2685 2560 2747 hominum

641 2770 941 2852 acquitate
972 2789 1070 2832 res
1100 2772 1173 2832 ad
1204 2774 1394 2832 otium
1423 2772 1640 2833 deduci
1669 2778 1887 2851 posset.

589 2864 617 2909 1
767 2852 865 2916 Vl.
925 2855 1225 2917 Proximis
1265 2855 1480 2917 diebus
1532 2855 1789 2917 habetur
1818 2862 2007 2925 „extra
2049 2853 2266 2917 urbem
2304 2861 2552 2916 senatus,

638 2939 961 3023 Pompeius
1003 2939 1211 3001 eadem
1266 2939 1397 3011 illa,
1449 2958 1601 3020 quae
1649 2957 1761 3019 per
1816 2940 2158 3019 Scipionem
2209 2938 2555 3008 ostenderat,
2629 3006 2630 3019 χ

641 3025 795 3102 agit:
840 3031 1082 3087 senatus
1121 3025 1404 3085 virtutem
1442 3027 1952 3104 constantiamque
1994 3023 2338 3093 conlaudat;
2366 3024 2556 3101 copias
2629 3058 2630 3063 κ

584 3115 618 3164 2
643 3125 781 3170 suas
822 3109 1094 3188 exponit:
1147 3107 1414 3185 legiones
1457 3109 1681 3173 habere
1712 3127 1844 3170 sese
1886 3115 2123 3188 paratas
2149 3126 2228 3178 x:
2260 3113 2551 3187 praeterea

642 3190 944 3268 cognitum
975 3200 1463 3271 compertumque
1498 3193 1642 3264 sibi,
1688 3193 1879 3257 alieno
1911 3211 2044 3254 esse
2084 3193 2286 3254 animo
2331 3193 2391 3252 in
2418 3190 2546 3252 Cae-

640 3290 835 3336 sarem
865 3273 1087 3336 milites
1114 3294 1308 3356 neque
1340 3278 1418 3337 iis
1447 3295 1620 3357 posse
1652 3276 2036 3357 persuaderi,
2080 3279 2170 3339 uti
2203 3294 2339 3336 eum
2366 3275 2546 3335 defen·

586 3368 618 3415 3
644 3358 787 3420 dant
815 3362 916 3419 aut
945 3366 1269 3439 sequantur
1300 3361 1527 3422 saltem.
1586 3361 1672 3423 De
1702 3361 1954 3441 reliquis
1983 3359 2168 3421 rebus
2198 3360 2273 3420 ad
2303 3366 2545 3420 senatum

637 3442 930 3504 refertur:
960 3450 1084 3505 tota
1106 3442 1275 3506 Italia
1306 3443 1573 3508 delectus
1602 3445 1926 3516 habeatur;
1954 3445 2219 3506 Faustus
2244 3442 2397 3504 Sulla
2423 3460 2546 3521 pro·

638 3544 786 3606 pere
835 3529 900 3588 in
948 3527 1362 3590 Mauritaniam
1415 3531 1718 3600 mittatur;
1771 3530 2027 3609 pecunia
2078 3530 2167 3591 uti
2221 3546 2295 3588 ex
2341 3527 2545 3586 aerario

586 3619 618 3667 4
640 3609 921 3691 Pompeio
952 3612 1144 3678 detur.
1214 3613 1496 3677 Refertur
1527 3617 1707 3676 etiam
1739 3615 1813 3675 de
1856 3630 2003 3692 rege
2044 3611 2220 3683 Iuba,
2266 3619 2334 3672 ut
2366 3612 2541 3673 socius
