2750 4255
802 337 1028 394 COMM.
1056 337 1101 394 Ι.
1145 336 1298 395 GAP.
1326 337 1643 393 1111—V11.
2142 332 2185 396 5

235 503 320 564 sit
350 511 543 585 atque
577 503 834 575 amicus:
878 503 1192 566 Marcellus
1225 522 1364 565 vero
1405 520 1722 584 passurum
1750 506 1814 566 in
1843 505 2183 583 praesentia

239 597 457 667 negat.
523 589 616 650 De
646 590 867 651 Fausto
896 589 1150 668 impedit
1176 588 1491 669 Philippus
1519 586 1802 650 tribunus
1829 587 2043 668 plebis.
2093 587 2180 649 De
2201 598 2232 644 5

240 673 515 752 reliquis
545 674 735 735 rebus
765 673 1275 735 senatusconsulta
1303 672 1782 752 perscribuntur.
1838 672 2182 734 Provinciae

237 759 510 836 privatis
533 759 961 828 decernuntur,
985 756 1135 819 duae
1161 758 1520 827 consulares,
1541 757 1807 838 reliquae
1828 758 2181 836 praetoriae.

239 841 528 921 Scipioni
555 842 797 903 obvenit
811 841 1002 922 Syria,
1016 841 1082 902 L.
1095 841 1356 903 Domitio
1372 841 1578 903 Gallia.
1622 838 1934 920 Philippus
1945 840 2185 903 etCotta

241 927 493 1004 privato
538 926 788 988 consilio
825 933 1310 1005 praetereuntur,
1353 944 1548 1005 neque
1589 943 1795 989 eorum
1837 932 2029 988 sortes
2059 925 2183 985 dei-

240 1011 524 1074 ciuntur.
586 1010 655 1075 In
684 1011 947 1090 reliquas
974 1012 1313 1090 provincias
1338 1018 1648 1090 praetores
1674 1011 2011 1072 mittuntur.
2065 1008 2182 1070 Ne·
2204 1016 2237 1064 6

240 1113 366 1174 que
401 1102 755 1196 expectant,
799 1095 958 1174 quod
986 1094 1399 1174 superioribus
1429 1097 1602 1157 annis
1630 1094 1958 1164 acciderat,
2002 1101 2069 1156 ιιι
2107 1093 2184 1153 de

246 1197 475 1240 eorum
524 1179 779 1260 imperio
833 1179 907 1241 ad
956 1178 1242 1258 populum
1285 1181 1542 1249 feratur,
1601 1178 1983 1257 paludatique
2032 1179 2204 1239 votis·

242 1267 622 1344 nuncupatis
651 1272 889 1326 exeunt.
941 1263 1244 1334 Consules,
1275 1264 1434 1343 quod
1456 1268 1591 1323 ante
1612 1263 1672 1322 id
1701 1270 1937 1342 tempus
1964 1262 2186 1326 accidit
2206 1270 2234 1317 7

243 1366 599 1429 nunquam,
642 1345 808 1411 clam
847 1365 919 1408 ex
952 1347 1104 1409 urbe
1143 1346 1627 1426 proficiscuntur,
1678 1347 2040 1426 lictoresque
2079 1345 2184 1407 ha-

245 1431 409 1493 bent
453 1434 518 1495 in
557 1432 708 1494 urbe
739 1439 801 1494 et
830 1431 1116 1512 Capitolio
1153 1433 1373 1512 privati
1415 1437 1621 1495 contra
1650 1430 1847 1493 oinnia
1877 1431 2185 1492 vetustatis

245 1517 552 1597 exempla.
606 1516 752 1579 Tota
774 1515 944 1579 Italia
968 1516 1233 1578 delectus
1255 1515 1571 1586 habentur,
1598 1533 1761 1577 arma
1789 1517 2239 1593 imperantur-,8

243 1602 549 1680 pecuniae
579 1620 614 1664 a
640 1602 986 1681 municipiis
1016 1601 1347 1678 exiguntur,
1380 1618 1412 1661 e
1440 1602 1597 1662 fanis
1625 1600 1947 1669 tolluntur,
1989 1600 2184 1711 omnia

246 1685 462 1747 divina
490 1687 865 1766 humanaque
895 1688 1028 1747 iura
1057 1687 1515 1764 permiscentur.

200 1822 207 1831 .
381 1769 512 1833 vn.
571 1768 798 1840 Quibus
824 1768 1009 1832 rebus
1049 1771 1304 1846 cognitis
1333 1769 1551 1831 Caesar
1591 1770 1748 1848 apud
1789 1768 2012 1831 milites
2046 1786 2184 1829 con·
2210 1778 2236 1825 1

199 1923 204 1939 ‚
249 1857 545 1916 tionatur.
619 1854 897 1915 Omnium
925 1861 1259 1932 temporum
1298 1855 1553 1914 iniurias
1589 1852 1971 1915 inimicorum
2013 1854 2079 1913 in
2120 1870 2185 1913 se

249 1944 719 2007 commemorat;
772 1956 805 1997 a
857 1935 1078 2015 quibus
1118 1936 1438 1998 deductum
1479 1936 1548 1998 ac
1592 1936 1975 2015 depravatum
2014 1933 2188 1998 Pom-

248 2024 467 2102 peium
513 2019 788 2102 queritur
838 2019 1056 2081 invidia
1099 2027 1278 2099 atque
1317 2018 1751 2083 obtrectatione
1791 2019 1985 2082 laudis
2025 2036 2185 2089 suae,

253 2108 436 2168 cuius
474 2107 604 2187 ipse
649 2105 864 2166 honori
904 2111 966 2165 et
1006 2104 1284 2183 dignitati
1326 2121 1564 2183 semper
1591 2104 1810 2167 faverit
1838 2103 2241 2245 adiutorque²

253 2192 460 2251 fuerit.
533 2188 764 2250 Novum
804 2191 869 2249 in
897 2187 1207 2268 republica
1243 2190 1650 2250 introductum
1680 2189 2016 2268 exemplum
2043 2196 2241 2268 que-2

254 2278 450 2345 ritur,
494 2278 563 2334 ut
588 2273 915 2334 tribunicia
945 2275 1299 2334 intercessio
1328 2274 1512 2334 armis
1540 2280 1848 2347 notaretur
1874 2279 2054 2351 atque
2083 2270 2188 2332 ob-

255 2361 656 2439 primeretur,
698 2375 849 2437 quae
882 2356 1295 2437 superioribus
1324 2359 1499 2419 annis
1530 2350 1774 2438 [armis]
1810 2363 1969 2418 esset
2011 2359 2188 2417 resti-

258 2450 408 2505 tuta.
485 2443 706 2504 Sullam
745 2442 967 2505 nudata
995 2440 1274 2505 omnibus
1309 2441 1494 2503 rebus
1533 2440 1853 2503 tribunicia
1895 2446 2185 2520 potestate
2209 2449 2241 2497 3

259 2537 461 2592 tamen
492 2528 985 2589 intercessionem
1013 2525 1269 2589 liberam
1297 2525 1645 2611 reliquisse;
1683 2526 2050 2604 Pompeium,
2083 2527 2187 2605 qui
2208 2533 2240 2581 4

262 2615 479 2674 amissa
507 2611 846 2673 restituisse
875 2610 1149 2672 videatur
1179 2609 1352 2681 bona,
1388 2612 1585 2681 etiam,
1618 2627 1771 2688 quae
1801 2618 1935 2671 ante
1963 2608 2188 2671 habue-

259 2695 410 2766 rint,
464 2695 777 2766 ademisse.
858 2693 1404 2773 Quotienscumque
1457 2695 1536 2755 sit
1585 2694 1921 2763 decretum,
1975 2693 2186 2754 darent
2206 2704 2236 2751 5

260 2796 507 2860 operam
534 2782 942 2857 magistratus,
983 2796 1061 2839 ne
1087 2779 1234 2858 quid
1264 2777 1606 2857 respublica
1636 2778 1980 2840 detrimenti
2012 2795 2187 2855 cape-

259 2871 383 2934 ret,
416 2881 532 2943 qua
560 2880 704 2925 voce
733 2870 795 2924 et
822 2881 940 2944 quo
968 2861 1480 2924 senatusconsulto
1509 2863 1762 2942 populus
1785 2862 2087 2923 Romanus
2114 2860 2189 2920 ad

261 2965 428 3010 arma
460 2950 537 3009 sit
566 2954 836 3018 vocatuS,
868 2945 1091 3008 factum
1120 2948 1185 3008 in
1213 2947 1575 3026 perniciosis
1603 2946 1870 3024 legibus,
1903 2947 1965 3005 in
1997 2944 2052 3003 vi
2082 2945 2189 3004 tri-

259 3030 520 3102 bunicia,
553 3034 618 3093 in
647 3030 979 3093 secessione
1009 3031 1234 3111 populi,
1266 3030 1510 3110 templis
1537 3029 1804 3110 locisque
1834 3026 2190 3089 editioribus

260 3118 597 3195 occupatis;
642 3121 815 3195 atque
856 3114 1006 3177 haec
1034 3116 1365 3195 superioris
1395 3115 1608 3175 aetatis
1648 3113 1916 3192 exempla
1954 3114 2189 3191 expiata

259 3200 570 3262 Saturnini
594 3205 772 3279 atque
787 3199 1192 3261 Gracchorum
1211 3197 1451 3260 casibus
1475 3198 1678 3269 docet;
1710 3216 1962 3277 quarum
1983 3215 2190 3257 rerum

255 3284 354 3345 illo
384 3292 653 3363 tempore
677 3283 828 3345 nihil
856 3284 1101 3353 factum,
1124 3302 1200 3344 ne
1224 3283 1544 3361 cogitatum
1568 3281 1809 3362 quidem
1838 3279 1884 3361 [ε
1900 3281 2061 3342 nulla
2091 3280 2186 3340 lex

255 3369 659 3447 promulgata,
691 3386 812 3430 non
842 3386 977 3430 cum
1007 3366 1227 3447 populo
1256 3369 1354 3446 agi
1386 3374 1692 3445 coeptum,
1738 3365 1901 3427 nulla
1930 3366 2190 3425 secessio

255 3450 464 3533 facta}
512 3452 815 3523 Hortatur,
839 3453 1010 3513 cuius
1039 3452 1421 3529 imperatoris
1443 3451 1625 3512 ductu
1637 3463 1796 3512 vnn
1828 3451 2000 3511 annis
2032 3468 2183 3510 rem·
2210 3458 2244 3505 6

253 3536 555 3615 publicam
581 3536 927 3597 felicissime
952 3538 1252 3614 gesserint
1274 3536 1646 3615 plurimaque
1678 3534 1909 3615 proelia
1933 3533 2189 3596 secunda

253 3620 536 3692 fecerint,
580 3638 822 3683 omnem
863 3619 1112 3682 Galliam
1157 3619 1653 3699 Germaniamque
1697 3621 2073 3701 pacaverint,
2124 3625 2191 3678 ut
