2750 4255
616 252 2164 320 COMM.11.CAP.xxxv—XXXV1111.63

222 439 530 484 consensu
550 421 746 564 bCurio
785 421 1050 501 reliquas
1090 424 1292 502 copias
1333 431 1647 503 expectare
1690 432 1751 485 et
1789 423 2012 505 bellum
2050 425 2158 488 du-

222 524 374 568 cere
404 524 547 583 para
592 514 670 566 at.

360 588 671 650 XXXVIII.
739 589 845 651 His
873 592 1216 652 constitutis
1254 591 1438 653 rebus
1466 591 1849 672 probatisque
1891 594 2157 655 consiliis
2181 604 2209 654 1

222 695 306 737 ex
337 675 605 754 perfugis
633 673 988 753 quibusdam
1019 675 1332 753 oppidanis
1363 677 1549 745 audit,
1580 675 1789 738 Iubam
1818 685 2158 739 revocatum

221 761 487 821 finitimo
527 758 682 819 bello
722 766 784 819 et
823 761 1250 820 controversiis
1277 759 1730 838 Leptitanorum
1759 763 2053 821 restitisse
2095 764 2158 823 in

219 861 449 921 regne,
483 841 837 913 Saburram,
871 845 1002 904 eius
1032 844 1421 921 praesectum,
1454 862 1589 905 cum
1621 844 2029 906 mediocribus
2057 863 2156 905 co-

219 930 355 1009 piis
392 927 641 988 missum
681 927 890 988 Uticae
933 928 1431 1006 appropinquare.
1524 927 1633 990 His
1673 928 2020 990 auctoribus
2068 934 2154 990 te·
2178 939 2212 988 2

220 1029 401 1074 mere
431 1011 685 1071 credens
707 1010 1022 1072 consilium
1052 1018 1371 1072 commutat
1396 1018 1457 1072 et
1477 1012 1706 1092 proelio
1735 1032 1865 1074 rem
1888 1016 2156 1075 commit-

222 1106 364 1160 tere
395 1097 718 1156 constituit.
787 1095 1039 1157 Multum
1068 1095 1141 1156 ad
1170 1095 1323 1156 hanc
1353 1114 1485 1157 rem
1512 1096 1879 1176 probandam
1921 1098 2161 1160 adiuvat

222 1179 669 1250 adulescentia,
710 1180 1054 1257 magnitudo
1085 1181 1298 1250 animi,
1342 1182 1675 1260 superioris
1701 1183 1988 1262 temporis
2016 1201 2156 1261 pro-

219 1273 473 1333 ventuS‚
514 1265 731 1324 fiducia
771 1266 864 1324 rei
911 1263 1067 1325 bene
1108 1264 1429 1342 gerendae.
1517 1264 1625 1325 His
1665 1264 1848 1326 rebus
1886 1267 2211 1346 inpulsus3

221 1351 562 1431 equitatum
602 1365 836 1408 omnem
876 1351 1072 1428 prima
1112 1355 1285 1409 nocte
1325 1349 1400 1409 ad
1442 1355 1637 1410 castra
1674 1350 1935 1410 hostium
1975 1352 2159 1412 mittit

223 1435 305 1496 ad
347 1433 569 1494 flumen
609 1431 971 1509 Bagradam;
1018 1431 1237 1513 quibus
1277 1440 1559 1512 praeerat
1588 1433 1881 1504 Saburra,
1925 1434 1997 1494 de
2039 1453 2157 1514 quo

222 1525 369 1580 ante
401 1525 531 1578 erat
575 1517 874 1588 auditum;
920 1517 1026 1580 sed
1054 1536 1162 1578 rex
1190 1517 1469 1581 omnibus
1497 1519 1690 1597 copiis
1728 1517 2158 1598 insequebatur

223 1610 294 1664 et
322 1619 427 1662 sex
470 1602 702 1663 milium
731 1620 1013 1682 passuum
1053 1602 1364 1664 intervallo
1417 1622 1448 1664 a
1480 1601 1745 1663 Saburra
1783 1603 2154 1664 consederat.

222 1688 482 1767 Equites
529 1687 695 1747 missi
736 1694 913 1747 nocte
962 1689 1080 1748 iter
1130 1688 1486 1756 conficiunt,
1545 1688 1925 1767 inprudentis
1976 1695 2151 1768 atque
2176 1698 2209 1746 4

222 1772 597 1850 inopinantis
634 1770 825 1830 hostis
866 1771 1314 1848 aggrediuntur.
1374 1771 1668 1832 Numidae
1711 1773 1871 1832 enim
1900 1773 2155 1850 quadam

223 1853 491 1915 barbara
543 1853 972 1913 consuetudine
1021 1854 1203 1914 nullis
1242 1853 1557 1914 ordinibus
1605 1856 1832 1932 passim
1871 1856 2155 1915 consede-

224 1942 390 2000 rant.
464 1935 587 1995 Hos
615 1952 933 2013 oppressos
962 1953 1167 1996 somno
1196 1943 1257 1995 et
1288 1937 1591 2014 dispersos
1621 1937 1845 2006 adorti,
1877 1954 2155 2014 magnum
2175 1949 2210 1996 ὁ

228 2038 441 2083 eorum
471 2036 789 2079 numerum
818 2020 1215 2088 interficiunt;
1247 2019 1420 2080 multi
1449 2021 1757 2097 perterriti
1785 2020 2157 2098 profugiunt.

227 2104 364 2177 Quo
403 2105 562 2165 facto
604 2102 677 2164 ad
718 2103 1037 2165 Curionem
1080 2104 1314 2182 equites
1353 2109 1737 2164 revertuntur
1778 2105 2158 2186 captivosque

228 2190 309 2251 ad
338 2208 475 2251 eum
506 2188 818 2253 reducunt.

358 2272 697 2334 XXXVIIII.
779 2273 959 2334 Curio
989 2291 1123 2333 cum
1164 2272 1442 2334 omnibus
1472 2274 1662 2354 copiis
1703 2280 1915 2352 quarta
1955 2274 2153 2353 vigilia
2179 2284 2208 2334 1

230 2362 465 2420 exierat
503 2357 854 2419 cohortibus
878 2370 929 2418 V
969 2359 1182 2419 castris
1219 2357 1522 2437 praesidio
1562 2358 1809 2420 relictis.
1875 2358 2158 2437 Progres-

229 2462 335 2506 sus
358 2442 520 2504 milia
542 2461 823 2521 passuum
844 2456 920 2503 vl
949 2444 1183 2522 equites
1211 2443 1502 2512 convenit,
1533 2460 1665 2503 rem
1686 2451 1914 2521 gestam
1938 2461 2156 2523 cogno-

227 2530 348 2599 vit3
392 2546 425 2588 e
454 2529 704 2607 captivis
738 2528 999 2607 quaerit,
1031 2527 1168 2606 quis
1196 2528 1408 2587 castris
1441 2526 1513 2587 ad
1537 2527 1865 2604 Bagradam
1900 2531 2154 2607 praesit:

228 2612 598 2692 respondent
627 2611 972 2672 Saburram.
1028 2609 1280 2691 Reliqua
1309 2611 1509 2671 studio
1536 2612 1773 2672 itineris
1800 2613 2150 2674 conficiendi
2176 2623 2209 2671 2

228 2714 523 2776 quaerere
552 2698 980 2774 praetermittit
1008 2697 1392 2774 proximaque
1432 2695 1763 2773 respiciens
1792 2698 1989 2773 signa,
2047 2693 2156 2759 Vi-

228 2778 496 2854 datisne,
528 2781 752 2859 inquit,
784 2777 1028 2856 milites,
1059 2778 1449 2859 captivorum
1477 2777 1821 2841 orationem
1849 2796 1990 2841 cam
2009 2798 2155 2859 per-

221 2860 403 2943 fuyis
431 2858 799 2925 convenire?
842 2861 1049 2925 abesse
1075 2880 1296 2941 reyem,
1328 2861 1588 2942 exiyuas
1616 2880 1740 2925 esse
1767 2861 1980 2942 copias
2006 2863 2156 2925 mis-

224 2964 365 3024 saS,
432 2963 595 3025 quae
623 2945 852 3025 paucis
890 2943 1196 3024 equitibus
1226 2963 1424 3026 pares
1466 2962 1592 3008 esse
1628 2963 1759 3008 non
1784 2944 2156 3026 pomer-int?

231 3028 516 3094 Proinde
544 3029 633 3093 ad
646 3029 989 3109 praedam,
1022 3028 1110 3091 ad
1129 3027 1405 3109 ylomam
1421 3031 1787 3109 properate,
1815 3028 2049 3092 utiam
2078 3030 2151 3093 de
2173 3041 2207 3089 3

218 3114 532 3196 praemiis
559 3114 778 3178 vestris
805 3116 863 3177 et
889 3112 963 3177 de
988 3110 1317 3193 referenda
1340 3112 1561 3193 qratia
1589 3113 1858 3195 coqitare
1884 3112 2154 3194 incipia-

230 3218 389 3263 mus.
447 3201 637 3261 Erant
667 3219 775 3279 per
804 3217 867 3260 se
900 3217 1141 3277 magna,
1174 3218 1326 3279 quae
1356 3207 1667 3277 gesserant
1697 3201 1948 3280 equites,
1980 3218 2152 3280 prae·
2175 3208 2215 3259 4

233 3288 440 3345 sertim
464 3303 599 3346 cum
625 3302 833 3345 eorum
857 3286 1104 3361 exiguus
1128 3302 1415 3344 numerus
1437 3302 1572 3344 cum
1589 3292 1751 3346 tanta
1774 3283 2152 3345 multitudine

232 3368 618 3430 Numidarum
660 3370 1055 3430 conferretur.
1141 3368 1301 3429 Haec
1342 3375 1544 3429 tamen
1586 3368 1660 3430 ab
1700 3370 1850 3447 ipsis
1889 3368 2152 3430 inflatius

232 3452 882 3523 commemorabantur,
923 3460 992 3514 ut
1021 3453 1094 3514 de
1125 3455 1251 3514 suis
1278 3453 1552 3514 homines
1590 3452 1867 3514 laudibus
1891 3452 2153 3514 libenter

228 3538 597 3618 praedicant.
655 3537 833 3601 Multa
864 3544 1175 3619 praeterea
1206 3538 1393 3619 spolia
1422 3537 1948 3619 praeferebantur,
1991 3544 2150 3618 capti
2174 3544 2207 3594 ⁵
