<?xml version="1.0" encoding="UTF-8"?>
<!DOCTYPE html PUBLIC "-//W3C//DTD XHTML 1.0 Transitional//EN"
    "http://www.w3.org/TR/xhtml1/DTD/xhtml1-transitional.dtd">
<html xmlns="http://www.w3.org/1999/xhtml" xml:lang="en" lang="en">
 <head>
  <title>
</title>
<meta http-equiv="Content-Type" content="text/html;charset=utf-8" />
  <meta name='ocr-system' content='tesseract 3.04.00' />
  <meta name='ocr-capabilities' content='ocr_page ocr_carea ocr_par ocr_line ocrx_word'/>
</head>
<body>
  <div class='ocr_page' id='page_1' title='image "./commentariidebe01caesgoog_0048.png"; bbox 0 0 2750 4255; ppageno 0'>
   <div class='ocr_carea' id='block_1_1' title="bbox 583 293 1866 359">
    <p class='ocr_par' dir='ltr' id='par_1_1' title="bbox 583 293 1866 359">
     <span class='ocr_line' id='line_1_1' title="bbox 583 293 1866 359; baseline -0.003 0"><span class='ocrx_word' id='word_1_1' title='bbox 583 293 671 359; x_wconf 84' lang='lat'>44</span> <span class='ocrx_word' id='word_1_2' title='bbox 1230 298 1328 357; x_wconf 73' lang='lat' dir='ltr'>DE</span> <span class='ocrx_word' id='word_1_3' title='bbox 1368 298 1601 357; x_wconf 81' lang='lat' dir='ltr'><strong>BELLO</strong></span> <span class='ocrx_word' id='word_1_4' title='bbox 1646 298 1866 356; x_wconf 79' lang='lat' dir='ltr'>clvm</span> 
     </span>
    </p>
   </div>
   <div class='ocr_carea' id='block_1_2' title="bbox 533 465 2556 3657">
    <p class='ocr_par' dir='ltr' id='par_1_2' title="bbox 586 465 2556 631">
     <span class='ocr_line' id='line_1_2' title="bbox 586 465 2556 546; baseline 0.001 -19"><span class='ocrx_word' id='word_1_5' title='bbox 586 466 745 527; x_wconf 88' lang='lat' dir='ltr'>ultro</span> <span class='ocrx_word' id='word_1_6' title='bbox 774 465 954 527; x_wconf 88' lang='lat' dir='ltr'>illatis</span> <span class='ocrx_word' id='word_1_7' title='bbox 983 465 1356 527; x_wconf 82' lang='lat' dir='ltr'>detrimentis</span> <span class='ocrx_word' id='word_1_8' title='bbox 1387 483 1518 535; x_wconf 92' lang='lat' dir='ltr'>eos,</span> <span class='ocrx_word' id='word_1_9' title='bbox 1564 468 1666 546; x_wconf 89' lang='lat' dir='ltr'>qui</span> <span class='ocrx_word' id='word_1_10' title='bbox 1698 466 2077 546; x_wconf 82' lang='lat' dir='ltr'>eruptionem</span> <span class='ocrx_word' id='word_1_11' title='bbox 2115 465 2421 539; x_wconf 76' lang='lat' dir='ltr'>fecerant,</span> <span class='ocrx_word' id='word_1_12' title='bbox 2481 468 2556 529; x_wconf 84' lang='lat' dir='ltr'>in</span> 
     </span>
     <span class='ocr_line' id='line_1_3' title="bbox 588 549 1252 631; baseline 0.002 -21"><span class='ocrx_word' id='word_1_13' title='bbox 588 551 871 631; x_wconf 92' lang='lat' dir='ltr'>oppidum</span> <span class='ocrx_word' id='word_1_14' title='bbox 900 549 1252 612; x_wconf 88' lang='lat' dir='ltr'>reiciebant.</span> 
     </span>
    </p>

    <p class='ocr_par' dir='ltr' id='par_1_3' title="bbox 537 632 2553 883">
     <span class='ocr_line' id='line_1_4' title="bbox 537 632 2553 716; baseline 0.002 -23"><span class='ocrx_word' id='word_1_15' title='bbox 537 642 566 693; x_wconf 86' lang='lat'><strong>1</strong></span> <span class='ocrx_word' id='word_1_16' title='bbox 722 634 824 696; x_wconf 89' lang='lat'><strong>111.</strong></span> <span class='ocrx_word' id='word_1_17' title='bbox 882 633 1129 695; x_wconf 86' lang='lat' dir='ltr'>Interim</span> <span class='ocrx_word' id='word_1_18' title='bbox 1168 633 1237 696; x_wconf 92' lang='lat' dir='ltr'>L.</span> <span class='ocrx_word' id='word_1_19' title='bbox 1268 632 1549 696; x_wconf 83' lang='lat' dir='ltr'>Nasidius</span> <span class='ocrx_word' id='word_1_20' title='bbox 1590 632 1664 696; x_wconf 96' lang='lat' dir='ltr'>ab</span> <span class='ocrx_word' id='word_1_21' title='bbox 1705 634 1812 696; x_wconf 88' lang='lat' dir='ltr'>Cn.</span> <span class='ocrx_word' id='word_1_22' title='bbox 1842 634 2127 716; x_wconf 88' lang='lat' dir='ltr'>Pompeio</span> <span class='ocrx_word' id='word_1_23' title='bbox 2157 653 2294 703; x_wconf 88' lang='lat' dir='ltr'>cum</span> <span class='ocrx_word' id='word_1_24' title='bbox 2323 635 2553 698; x_wconf 78' lang='lat' dir='ltr'>classe</span> 
     </span>
     <span class='ocr_line' id='line_1_5' title="bbox 588 716 2553 797; baseline 0.001 -17"><span class='ocrx_word' id='word_1_25' title='bbox 588 720 831 781; x_wconf 90' lang='lat' dir='ltr'>navium</span> <span class='ocrx_word' id='word_1_26' title='bbox 858 731 1002 788; x_wconf 79' lang='lat' dir='ltr'>XVI,</span> <span class='ocrx_word' id='word_1_27' title='bbox 1036 720 1097 778; x_wconf 90' lang='lat' dir='ltr'>in</span> <span class='ocrx_word' id='word_1_28' title='bbox 1130 716 1347 797; x_wconf 89' lang='lat' dir='ltr'>quibus</span> <span class='ocrx_word' id='word_1_29' title='bbox 1388 735 1612 797; x_wconf 80' lang='lat' dir='ltr'>paucae</span> <span class='ocrx_word' id='word_1_30' title='bbox 1643 725 1816 780; x_wconf 91' lang='lat' dir='ltr'>erant</span> <span class='ocrx_word' id='word_1_31' title='bbox 1846 726 2109 791; x_wconf 83' lang='lat' dir='ltr'>aeratae,</span> <span class='ocrx_word' id='word_1_32' title='bbox 2157 719 2222 779; x_wconf 90' lang='lat' dir='ltr'>L.</span> <span class='ocrx_word' id='word_1_33' title='bbox 2254 719 2553 782; x_wconf 86' lang='lat' dir='ltr'>Domitio</span> 
     </span>
     <span class='ocr_line' id='line_1_6' title="bbox 586 801 2549 883; baseline -0.001 -18"><span class='ocrx_word' id='word_1_34' title='bbox 586 801 1181 882; x_wconf 82' lang='lat' dir='ltr'>Massiliensibusque</span> <span class='ocrx_word' id='word_1_35' title='bbox 1224 801 1495 863; x_wconf 89' lang='lat' dir='ltr'>subsidio</span> <span class='ocrx_word' id='word_1_36' title='bbox 1549 804 1767 864; x_wconf 91' lang='lat' dir='ltr'>missus</span> <span class='ocrx_word' id='word_1_37' title='bbox 1812 803 1969 864; x_wconf 83' lang='lat' dir='ltr'>freto</span> <span class='ocrx_word' id='word_1_38' title='bbox 2009 802 2250 866; x_wconf 88' lang='lat' dir='ltr'>Siciliae</span> <span class='ocrx_word' id='word_1_39' title='bbox 2300 805 2549 883; x_wconf 84' lang='lat' dir='ltr'>inpru-</span> 
     </span>
    </p>

    <p class='ocr_par' dir='ltr' id='par_1_4' title="bbox 537 885 2549 1134">
     <span class='ocr_line' id='line_1_7' title="bbox 537 885 2549 967; baseline 0.001 -22"><span class='ocrx_word' id='word_1_40' title='bbox 537 895 571 945; x_wconf 75' lang='lat'><em>2</em></span> <span class='ocrx_word' id='word_1_41' title='bbox 593 888 769 948; x_wconf 89' lang='lat' dir='ltr'>dente</span> <span class='ocrx_word' id='word_1_42' title='bbox 812 893 988 966; x_wconf 90' lang='lat' dir='ltr'>atque</span> <span class='ocrx_word' id='word_1_43' title='bbox 1033 888 1381 965; x_wconf 87' lang='lat' dir='ltr'>inopinante</span> <span class='ocrx_word' id='word_1_44' title='bbox 1423 885 1680 947; x_wconf 87' lang='lat' dir='ltr'>Curione</span> <span class='ocrx_word' id='word_1_45' title='bbox 1732 886 2083 967; x_wconf 87' lang='lat' dir='ltr'>pervehitur</span> <span class='ocrx_word' id='word_1_46' title='bbox 2130 885 2549 966; x_wconf 82' lang='lat' dir='ltr'>adpulsisque</span> 
     </span>
     <span class='ocr_line' id='line_1_8' title="bbox 586 968 2546 1051; baseline 0 -19"><span class='ocrx_word' id='word_1_47' title='bbox 586 970 916 1032; x_wconf 84' lang='lat' dir='ltr'>Messanam</span> <span class='ocrx_word' id='word_1_48' title='bbox 949 968 1201 1031; x_wconf 89' lang='lat' dir='ltr'>navibus</span> <span class='ocrx_word' id='word_1_49' title='bbox 1229 977 1408 1050; x_wconf 90' lang='lat' dir='ltr'>atque</span> <span class='ocrx_word' id='word_1_50' title='bbox 1453 970 1594 1030; x_wconf 89' lang='lat' dir='ltr'>inde</span> <span class='ocrx_word' id='word_1_51' title='bbox 1634 977 1883 1051; x_wconf 91' lang='lat' dir='ltr'>propter</span> <span class='ocrx_word' id='word_1_52' title='bbox 1911 973 2289 1050; x_wconf 90' lang='lat' dir='ltr'>repentinum</span> <span class='ocrx_word' id='word_1_53' title='bbox 2317 977 2546 1050; x_wconf 83' lang='lat' dir='ltr'>terro-</span> 
     </span>
     <span class='ocr_line' id='line_1_9' title="bbox 587 1053 2547 1134; baseline 0.001 -18"><span class='ocrx_word' id='word_1_54' title='bbox 587 1073 718 1116; x_wconf 92' lang='lat' dir='ltr'>rem</span> <span class='ocrx_word' id='word_1_55' title='bbox 746 1055 1092 1134; x_wconf 86' lang='lat' dir='ltr'>principum</span> <span class='ocrx_word' id='word_1_56' title='bbox 1125 1073 1193 1115; x_wconf 92' lang='lat' dir='ltr'>ac</span> <span class='ocrx_word' id='word_1_57' title='bbox 1223 1060 1467 1115; x_wconf 89' lang='lat' dir='ltr'>senatus</span> <span class='ocrx_word' id='word_1_58' title='bbox 1498 1055 1638 1132; x_wconf 84' lang='lat' dir='ltr'>fuga</span> <span class='ocrx_word' id='word_1_59' title='bbox 1679 1055 1836 1116; x_wconf 83' lang='lat' dir='ltr'>facta</span> <span class='ocrx_word' id='word_1_60' title='bbox 1867 1074 1941 1117; x_wconf 93' lang='lat' dir='ltr'>ex</span> <span class='ocrx_word' id='word_1_61' title='bbox 1969 1053 2277 1117; x_wconf 89' lang='lat' dir='ltr'>navalibus</span> <span class='ocrx_word' id='word_1_62' title='bbox 2306 1073 2547 1118; x_wconf 86' lang='lat' dir='ltr'>eorum</span> 
     </span>
    </p>

    <p class='ocr_par' dir='ltr' id='par_1_5' title="bbox 533 1137 2544 1551">
     <span class='ocr_line' id='line_1_10' title="bbox 533 1137 2544 1217; baseline 0.002 -20"><span class='ocrx_word' id='word_1_63' title='bbox 533 1147 566 1197; x_wconf 82' lang='lat'><em>8</em></span> <span class='ocrx_word' id='word_1_64' title='bbox 587 1156 768 1200; x_wconf 91' lang='lat' dir='ltr'>unam</span> <span class='ocrx_word' id='word_1_65' title='bbox 808 1137 1069 1199; x_wconf 86' lang='lat' dir='ltr'>deducit.</span> <span class='ocrx_word' id='word_1_66' title='bbox 1136 1137 1260 1199; x_wconf 88' lang='lat' dir='ltr'>Hac</span> <span class='ocrx_word' id='word_1_67' title='bbox 1300 1138 1578 1199; x_wconf 89' lang='lat' dir='ltr'>adiuncta</span> <span class='ocrx_word' id='word_1_68' title='bbox 1618 1138 1692 1198; x_wconf 92' lang='lat' dir='ltr'>ad</span> <span class='ocrx_word' id='word_1_69' title='bbox 1742 1138 2008 1217; x_wconf 91' lang='lat' dir='ltr'>reliquas</span> <span class='ocrx_word' id='word_1_70' title='bbox 2047 1156 2227 1200; x_wconf 88' lang='lat' dir='ltr'>naves</span> <span class='ocrx_word' id='word_1_71' title='bbox 2267 1157 2544 1201; x_wconf 86' lang='lat' dir='ltr'>cursum</span> 
     </span>
     <span class='ocr_line' id='line_1_11' title="bbox 588 1222 2540 1302; baseline 0.001 -19"><span class='ocrx_word' id='word_1_72' title='bbox 588 1222 909 1283; x_wconf 80' lang='lat' dir='ltr'>Massiliam</span> <span class='ocrx_word' id='word_1_73' title='bbox 940 1240 1151 1283; x_wconf 90' lang='lat' dir='ltr'>versus</span> <span class='ocrx_word' id='word_1_74' title='bbox 1177 1223 1416 1301; x_wconf 86' lang='lat' dir='ltr'>perficit</span> <span class='ocrx_word' id='word_1_75' title='bbox 1441 1224 1888 1302; x_wconf 91' lang='lat' dir='ltr'>praemissaque</span> <span class='ocrx_word' id='word_1_76' title='bbox 1919 1224 2069 1285; x_wconf 91' lang='lat' dir='ltr'>clam</span> <span class='ocrx_word' id='word_1_77' title='bbox 2101 1222 2380 1284; x_wconf 90' lang='lat' dir='ltr'>navicula</span> <span class='ocrx_word' id='word_1_78' title='bbox 2403 1224 2540 1285; x_wconf 88' lang='lat' dir='ltr'>Do-</span> 
     </span>
     <span class='ocr_line' id='line_1_12' title="bbox 588 1305 2539 1386; baseline 0.001 -19"><span class='ocrx_word' id='word_1_79' title='bbox 588 1308 823 1368; x_wconf 90' lang='lat' dir='ltr'>mitium</span> <span class='ocrx_word' id='word_1_80' title='bbox 876 1305 1385 1386; x_wconf 88' lang='lat' dir='ltr'>Massiliensisque</span> <span class='ocrx_word' id='word_1_81' title='bbox 1437 1306 1511 1367; x_wconf 91' lang='lat' dir='ltr'>de</span> <span class='ocrx_word' id='word_1_82' title='bbox 1564 1323 1671 1366; x_wconf 90' lang='lat' dir='ltr'>suo</span> <span class='ocrx_word' id='word_1_83' title='bbox 1723 1306 1979 1368; x_wconf 88' lang='lat' dir='ltr'>adventu</span> <span class='ocrx_word' id='word_1_84' title='bbox 2031 1308 2322 1368; x_wconf 88' lang='lat' dir='ltr'>certiores</span> <span class='ocrx_word' id='word_1_85' title='bbox 2371 1308 2539 1369; x_wconf 83' lang='lat' dir='ltr'>facit</span> 
     </span>
     <span class='ocr_line' id='line_1_13' title="bbox 589 1389 2536 1471; baseline 0.001 -19"><span class='ocrx_word' id='word_1_86' title='bbox 589 1409 809 1471; x_wconf 90' lang='lat' dir='ltr'>eosque</span> <span class='ocrx_word' id='word_1_87' title='bbox 839 1408 1201 1471; x_wconf 84' lang='lat' dir='ltr'>magnopere</span> <span class='ocrx_word' id='word_1_88' title='bbox 1229 1389 1536 1460; x_wconf 83' lang='lat' dir='ltr'>hortatur,</span> <span class='ocrx_word' id='word_1_89' title='bbox 1578 1397 1644 1451; x_wconf 90' lang='lat' dir='ltr'>ut</span> <span class='ocrx_word' id='word_1_90' title='bbox 1680 1407 1891 1451; x_wconf 90' lang='lat' dir='ltr'>rursus</span> <span class='ocrx_word' id='word_1_91' title='bbox 1930 1409 2068 1452; x_wconf 91' lang='lat' dir='ltr'>cum</span> <span class='ocrx_word' id='word_1_92' title='bbox 2110 1390 2281 1452; x_wconf 90' lang='lat' dir='ltr'>Bruti</span> <span class='ocrx_word' id='word_1_93' title='bbox 2325 1390 2536 1453; x_wconf 84' lang='lat' dir='ltr'>classe</span> 
     </span>
     <span class='ocr_line' id='line_1_14' title="bbox 589 1473 1600 1551; baseline -0.004 -14"><span class='ocrx_word' id='word_1_94' title='bbox 589 1475 808 1537; x_wconf 91' lang='lat' dir='ltr'>additis</span> <span class='ocrx_word' id='word_1_95' title='bbox 836 1477 961 1536; x_wconf 90' lang='lat' dir='ltr'>suis</span> <span class='ocrx_word' id='word_1_96' title='bbox 990 1474 1231 1536; x_wconf 84' lang='lat' dir='ltr'>auxiliis</span> <span class='ocrx_word' id='word_1_97' title='bbox 1256 1473 1600 1551; x_wconf 89' lang='lat' dir='ltr'>confligant.</span> 
     </span>
    </p>

    <p class='ocr_par' dir='ltr' id='par_1_6' title="bbox 538 1557 2532 1807">
     <span class='ocr_line' id='line_1_15' title="bbox 538 1557 2532 1637; baseline 0.003 -20"><span class='ocrx_word' id='word_1_98' title='bbox 538 1567 568 1617; x_wconf 85' lang='lat'>1</span> <span class='ocrx_word' id='word_1_99' title='bbox 717 1557 850 1619; x_wconf 90' lang='lat'><strong>1111.</strong></span> <span class='ocrx_word' id='word_1_100' title='bbox 910 1558 1310 1619; x_wconf 88' lang='lat' dir='ltr'>Massilienses</span> <span class='ocrx_word' id='word_1_101' title='bbox 1342 1563 1479 1637; x_wconf 88' lang='lat' dir='ltr'>post</span> <span class='ocrx_word' id='word_1_102' title='bbox 1504 1560 1782 1636; x_wconf 90' lang='lat' dir='ltr'>superius</span> <span class='ocrx_word' id='word_1_103' title='bbox 1810 1559 2252 1622; x_wconf 90' lang='lat' dir='ltr'>incommodum</span> <span class='ocrx_word' id='word_1_104' title='bbox 2279 1567 2532 1623; x_wconf 85' lang='lat' dir='ltr'>veteres</span> 
     </span>
     <span class='ocr_line' id='line_1_16' title="bbox 590 1640 2525 1724; baseline 0.002 -21"><span class='ocrx_word' id='word_1_105' title='bbox 590 1643 667 1704; x_wconf 92' lang='lat' dir='ltr'>ad</span> <span class='ocrx_word' id='word_1_106' title='bbox 707 1640 964 1702; x_wconf 88' lang='lat' dir='ltr'>eundem</span> <span class='ocrx_word' id='word_1_107' title='bbox 991 1659 1307 1702; x_wconf 89' lang='lat' dir='ltr'>numerum</span> <span class='ocrx_word' id='word_1_108' title='bbox 1338 1660 1412 1702; x_wconf 88' lang='lat' dir='ltr'>ex</span> <span class='ocrx_word' id='word_1_109' title='bbox 1441 1641 1749 1704; x_wconf 84' lang='lat' dir='ltr'>navalibus</span> <span class='ocrx_word' id='word_1_110' title='bbox 1786 1645 2109 1724; x_wconf 84' lang='lat' dir='ltr'>productas</span> <span class='ocrx_word' id='word_1_111' title='bbox 2148 1646 2315 1706; x_wconf 91' lang='lat' dir='ltr'>navis</span> <span class='ocrx_word' id='word_1_112' title='bbox 2355 1646 2525 1706; x_wconf 84' lang='lat' dir='ltr'>refe-</span> 
     </span>
     <span class='ocr_line' id='line_1_17' title="bbox 591 1725 2522 1807; baseline 0.002 -20"><span class='ocrx_word' id='word_1_113' title='bbox 591 1732 801 1787; x_wconf 90' lang='lat' dir='ltr'>cerant</span> <span class='ocrx_word' id='word_1_114' title='bbox 827 1743 1170 1805; x_wconf 89' lang='lat' dir='ltr'>summaque</span> <span class='ocrx_word' id='word_1_115' title='bbox 1199 1725 1493 1787; x_wconf 89' lang='lat' dir='ltr'>industria</span> <span class='ocrx_word' id='word_1_116' title='bbox 1522 1736 1897 1790; x_wconf 85' lang='lat' dir='ltr'>armaverant</span> <span class='ocrx_word' id='word_1_117' title='bbox 1924 1762 2011 1775; x_wconf 94' lang='lat'>—</span> <span class='ocrx_word' id='word_1_118' title='bbox 2038 1730 2362 1807; x_wconf 83' lang='lat' dir='ltr'>remigum,</span> <span class='ocrx_word' id='word_1_119' title='bbox 2408 1747 2522 1807; x_wconf 89' lang='lat' dir='ltr'>gu-</span> 
     </span>
    </p>

    <p class='ocr_par' dir='ltr' id='par_1_7' title="bbox 536 1809 2520 2062">
     <span class='ocr_line' id='line_1_18' title="bbox 536 1809 2520 1893; baseline 0.004 -25"><span class='ocrx_word' id='word_1_120' title='bbox 536 1819 570 1868; x_wconf 80' lang='lat'>9.</span> <span class='ocrx_word' id='word_1_121' title='bbox 593 1809 981 1871; x_wconf 82' lang='lat' dir='ltr'>bernatorum</span> <span class='ocrx_word' id='word_1_122' title='bbox 1032 1826 1245 1888; x_wconf 89' lang='lat' dir='ltr'>magna</span> <span class='ocrx_word' id='word_1_123' title='bbox 1297 1812 1469 1889; x_wconf 92' lang='lat' dir='ltr'>copia</span> <span class='ocrx_word' id='word_1_124' title='bbox 1525 1812 1880 1891; x_wconf 87' lang='lat' dir='ltr'>suppetebat</span> <span class='ocrx_word' id='word_1_125' title='bbox 1920 1847 1994 1857; x_wconf 95' lang='lat'><strong>—</strong></span> <span class='ocrx_word' id='word_1_126' title='bbox 2041 1815 2520 1893; x_wconf 85' lang='lat' dir='ltr'>piscatoriasque</span> 
     </span>
     <span class='ocr_line' id='line_1_19' title="bbox 593 1895 2518 1976; baseline 0.002 -21"><span class='ocrx_word' id='word_1_127' title='bbox 593 1895 934 1956; x_wconf 91' lang='lat' dir='ltr'>adiecerant</span> <span class='ocrx_word' id='word_1_128' title='bbox 974 1901 1149 1976; x_wconf 85' lang='lat' dir='ltr'>atque</span> <span class='ocrx_word' id='word_1_129' title='bbox 1190 1900 1611 1966; x_wconf 89' lang='lat' dir='ltr'>contexerant,</span> <span class='ocrx_word' id='word_1_130' title='bbox 1655 1903 1724 1957; x_wconf 93' lang='lat' dir='ltr'>ut</span> <span class='ocrx_word' id='word_1_131' title='bbox 1761 1904 1960 1959; x_wconf 90' lang='lat' dir='ltr'>essent</span> <span class='ocrx_word' id='word_1_132' title='bbox 1987 1896 2063 1959; x_wconf 91' lang='lat' dir='ltr'>ab</span> <span class='ocrx_word' id='word_1_133' title='bbox 2103 1899 2227 1957; x_wconf 90' lang='lat' dir='ltr'>ictu</span> <span class='ocrx_word' id='word_1_134' title='bbox 2259 1897 2518 1958; x_wconf 89' lang='lat' dir='ltr'>telorum</span> 
     </span>
     <span class='ocr_line' id='line_1_20' title="bbox 592 1978 2514 2062; baseline 0.002 -23"><span class='ocrx_word' id='word_1_135' title='bbox 592 1980 856 2056; x_wconf 89' lang='lat' dir='ltr'>remiges</span> <span class='ocrx_word' id='word_1_136' title='bbox 885 1980 1029 2040; x_wconf 82' lang='lat' dir='ltr'>tuti:</span> <span class='ocrx_word' id='word_1_137' title='bbox 1072 1978 1180 2040; x_wconf 91' lang='lat' dir='ltr'>has</span> <span class='ocrx_word' id='word_1_138' title='bbox 1222 1981 1549 2057; x_wconf 84' lang='lat' dir='ltr'>sagittariis</span> <span class='ocrx_word' id='word_1_139' title='bbox 1582 1984 2015 2062; x_wconf 89' lang='lat' dir='ltr'>tormentisque</span> <span class='ocrx_word' id='word_1_140' title='bbox 2045 1981 2514 2062; x_wconf 86' lang='lat' dir='ltr'>compleverunt.</span> 
     </span>
    </p>

    <p class='ocr_par' dir='ltr' id='par_1_8' title="bbox 535 2062 2510 2311">
     <span class='ocr_line' id='line_1_21' title="bbox 535 2062 2510 2136; baseline 0.003 -15"><span class='ocrx_word' id='word_1_141' title='bbox 535 2071 572 2121; x_wconf 77' lang='lat'><em>8</em></span> <span class='ocrx_word' id='word_1_142' title='bbox 592 2062 724 2124; x_wconf 86' lang='lat' dir='ltr'>Tali</span> <span class='ocrx_word' id='word_1_143' title='bbox 764 2062 941 2124; x_wconf 90' lang='lat' dir='ltr'>modo</span> <span class='ocrx_word' id='word_1_144' title='bbox 980 2064 1272 2124; x_wconf 91' lang='lat' dir='ltr'>instructa</span> <span class='ocrx_word' id='word_1_145' title='bbox 1312 2063 1501 2126; x_wconf 91' lang='lat' dir='ltr'>classe</span> <span class='ocrx_word' id='word_1_146' title='bbox 1545 2067 1810 2126; x_wconf 92' lang='lat' dir='ltr'>omnium</span> <span class='ocrx_word' id='word_1_147' title='bbox 1864 2068 2203 2136; x_wconf 89' lang='lat' dir='ltr'>seniorum,</span> <span class='ocrx_word' id='word_1_148' title='bbox 2256 2073 2510 2127; x_wconf 85' lang='lat' dir='ltr'>matrum</span> 
     </span>
     <span class='ocr_line' id='line_1_22' title="bbox 589 2148 2510 2228; baseline 0.001 -18"><span class='ocrx_word' id='word_1_149' title='bbox 589 2148 885 2218; x_wconf 82' lang='lat' dir='ltr'>familiae,</span> <span class='ocrx_word' id='word_1_150' title='bbox 938 2149 1236 2226; x_wconf 90' lang='lat' dir='ltr'>virginum</span> <span class='ocrx_word' id='word_1_151' title='bbox 1288 2150 1575 2228; x_wconf 92' lang='lat' dir='ltr'>precibus</span> <span class='ocrx_word' id='word_1_152' title='bbox 1626 2156 1686 2210; x_wconf 90' lang='lat' dir='ltr'>et</span> <span class='ocrx_word' id='word_1_153' title='bbox 1735 2150 1879 2209; x_wconf 89' lang='lat' dir='ltr'>fletu</span> <span class='ocrx_word' id='word_1_154' title='bbox 1920 2150 2189 2217; x_wconf 90' lang='lat' dir='ltr'>excitati,</span> <span class='ocrx_word' id='word_1_155' title='bbox 2245 2158 2510 2211; x_wconf 88' lang='lat' dir='ltr'>extremo</span> 
     </span>
     <span class='ocr_line' id='line_1_23' title="bbox 589 2231 2505 2311; baseline 0.001 -17"><span class='ocrx_word' id='word_1_156' title='bbox 589 2240 860 2311; x_wconf 89' lang='lat' dir='ltr'>tempore</span> <span class='ocrx_word' id='word_1_157' title='bbox 904 2233 1132 2293; x_wconf 88' lang='lat' dir='ltr'>civitati</span> <span class='ocrx_word' id='word_1_158' title='bbox 1173 2231 1581 2303; x_wconf 85' lang='lat' dir='ltr'>subvenirent,</span> <span class='ocrx_word' id='word_1_159' title='bbox 1625 2250 1743 2293; x_wconf 90' lang='lat' dir='ltr'>non</span> <span class='ocrx_word' id='word_1_160' title='bbox 1774 2234 2004 2292; x_wconf 89' lang='lat' dir='ltr'>minore</span> <span class='ocrx_word' id='word_1_161' title='bbox 2037 2232 2235 2291; x_wconf 90' lang='lat' dir='ltr'>animo</span> <span class='ocrx_word' id='word_1_162' title='bbox 2266 2250 2334 2292; x_wconf 92' lang='lat' dir='ltr'>ac</span> <span class='ocrx_word' id='word_1_163' title='bbox 2363 2235 2505 2296; x_wconf 82' lang='lat' dir='ltr'>fidu-</span> 
     </span>
    </p>

    <p class='ocr_par' dir='ltr' id='par_1_9' title="bbox 537 2312 2506 2639">
     <span class='ocr_line' id='line_1_24' title="bbox 537 2312 2504 2395; baseline 0.003 -21"><span class='ocrx_word' id='word_1_164' title='bbox 537 2318 716 2386; x_wconf 75' lang='lat' dir='ltr'>4cia,</span> <span class='ocrx_word' id='word_1_165' title='bbox 758 2333 936 2395; x_wconf 91' lang='lat' dir='ltr'>quam</span> <span class='ocrx_word' id='word_1_166' title='bbox 966 2325 1102 2378; x_wconf 91' lang='lat' dir='ltr'>ante</span> <span class='ocrx_word' id='word_1_167' title='bbox 1132 2317 1590 2385; x_wconf 89' lang='lat' dir='ltr'>dimicaverant,</span> <span class='ocrx_word' id='word_1_168' title='bbox 1632 2332 1811 2376; x_wconf 88' lang='lat' dir='ltr'>naves</span> <span class='ocrx_word' id='word_1_169' title='bbox 1856 2312 2280 2376; x_wconf 89' lang='lat' dir='ltr'>conscendunt.</span> <span class='ocrx_word' id='word_1_170' title='bbox 2342 2317 2504 2379; x_wconf 89' lang='lat' dir='ltr'>Com·</span> 
     </span>
     <span class='ocr_line' id='line_1_25' title="bbox 589 2395 2506 2482; baseline 0.001 -21"><span class='ocrx_word' id='word_1_171' title='bbox 589 2401 757 2461; x_wconf 90' lang='lat' dir='ltr'>muni</span> <span class='ocrx_word' id='word_1_172' title='bbox 787 2401 947 2461; x_wconf 90' lang='lat' dir='ltr'>enim</span> <span class='ocrx_word' id='word_1_173' title='bbox 975 2402 1041 2462; x_wconf 83' lang='lat' dir='ltr'>fit</span> <span class='ocrx_word' id='word_1_174' title='bbox 1072 2403 1214 2462; x_wconf 91' lang='lat' dir='ltr'>vitio</span> <span class='ocrx_word' id='word_1_175' title='bbox 1235 2408 1506 2470; x_wconf 89' lang='lat' dir='ltr'>naturae,</span> <span class='ocrx_word' id='word_1_176' title='bbox 1539 2405 1607 2459; x_wconf 90' lang='lat' dir='ltr'>ut</span> <span class='ocrx_word' id='word_1_177' title='bbox 1640 2399 1968 2476; x_wconf 76' lang='lat' dir='ltr'>inprovisis</span> <span class='ocrx_word' id='word_1_178' title='bbox 1996 2395 2300 2479; x_wconf 89' lang='lat' dir='ltr'>[latitatis]</span> <span class='ocrx_word' id='word_1_179' title='bbox 2334 2410 2506 2482; x_wconf 89' lang='lat' dir='ltr'>atque</span> 
     </span>
     <span class='ocr_line' id='line_1_26' title="bbox 587 2481 2503 2563; baseline 0.002 -18"><span class='ocrx_word' id='word_1_180' title='bbox 587 2486 908 2562; x_wconf 89' lang='lat' dir='ltr'>incognitis</span> <span class='ocrx_word' id='word_1_181' title='bbox 955 2484 1140 2546; x_wconf 91' lang='lat' dir='ltr'>rebus</span> <span class='ocrx_word' id='word_1_182' title='bbox 1191 2487 1384 2561; x_wconf 90' lang='lat' dir='ltr'>magis</span> <span class='ocrx_word' id='word_1_183' title='bbox 1423 2482 1788 2544; x_wconf 87' lang='lat' dir='ltr'>confidamus</span> <span class='ocrx_word' id='word_1_184' title='bbox 1828 2481 2354 2563; x_wconf 88' lang='lat' dir='ltr'>vehementiusque</span> <span class='ocrx_word' id='word_1_185' title='bbox 2401 2504 2503 2548; x_wconf 91' lang='lat' dir='ltr'>ex·</span> 
     </span>
     <span class='ocr_line' id='line_1_27' title="bbox 590 2564 2506 2639; baseline 0.001 -9"><span class='ocrx_word' id='word_1_186' title='bbox 590 2575 956 2639; x_wconf 74' lang='lat' dir='ltr'>terreamur:</span> <span class='ocrx_word' id='word_1_187' title='bbox 1006 2577 1073 2629; x_wconf 90' lang='lat' dir='ltr'>ut</span> <span class='ocrx_word' id='word_1_188' title='bbox 1120 2577 1247 2629; x_wconf 91' lang='lat' dir='ltr'>tum</span> <span class='ocrx_word' id='word_1_189' title='bbox 1304 2566 1544 2627; x_wconf 91' lang='lat' dir='ltr'>accidit.</span> <span class='ocrx_word' id='word_1_190' title='bbox 1624 2564 1926 2628; x_wconf 81' lang='lat' dir='ltr'>Adventus</span> <span class='ocrx_word' id='word_1_191' title='bbox 1979 2568 2137 2627; x_wconf 90' lang='lat' dir='ltr'>enim</span> <span class='ocrx_word' id='word_1_192' title='bbox 2183 2566 2251 2628; x_wconf 90' lang='lat' dir='ltr'>L.</span> <span class='ocrx_word' id='word_1_193' title='bbox 2282 2568 2506 2631; x_wconf 88' lang='lat' dir='ltr'>Nasidii</span> 
     </span>
    </p>

    <p class='ocr_par' dir='ltr' id='par_1_10' title="bbox 536 2650 2503 3141">
     <span class='ocr_line' id='line_1_28' title="bbox 536 2650 2501 2734; baseline 0.001 -23"><span class='ocrx_word' id='word_1_194' title='bbox 536 2660 570 2711; x_wconf 75' lang='lat'><strong>5</strong></span> <span class='ocrx_word' id='word_1_195' title='bbox 593 2671 821 2715; x_wconf 90' lang='lat' dir='ltr'>summa</span> <span class='ocrx_word' id='word_1_196' title='bbox 871 2671 977 2734; x_wconf 92' lang='lat' dir='ltr'>spe</span> <span class='ocrx_word' id='word_1_197' title='bbox 1030 2659 1092 2713; x_wconf 91' lang='lat' dir='ltr'>et</span> <span class='ocrx_word' id='word_1_198' title='bbox 1139 2651 1437 2712; x_wconf 90' lang='lat' dir='ltr'>voluntate</span> <span class='ocrx_word' id='word_1_199' title='bbox 1488 2651 1790 2711; x_wconf 91' lang='lat' dir='ltr'>civitatem</span> <span class='ocrx_word' id='word_1_200' title='bbox 1842 2650 2256 2730; x_wconf 90' lang='lat' dir='ltr'>compleverat.</span> <span class='ocrx_word' id='word_1_201' title='bbox 2336 2651 2501 2713; x_wconf 91' lang='lat' dir='ltr'>Nacti</span> 
     </span>
     <span class='ocr_line' id='line_1_29' title="bbox 590 2734 2503 2814; baseline -0.001 -16"><span class='ocrx_word' id='word_1_202' title='bbox 590 2737 873 2798; x_wconf 90' lang='lat' dir='ltr'>idoneum</span> <span class='ocrx_word' id='word_1_203' title='bbox 901 2742 1144 2797; x_wconf 91' lang='lat' dir='ltr'>ventum</span> <span class='ocrx_word' id='word_1_204' title='bbox 1174 2753 1249 2795; x_wconf 89' lang='lat' dir='ltr'>ex</span> <span class='ocrx_word' id='word_1_205' title='bbox 1276 2740 1453 2813; x_wconf 92' lang='lat' dir='ltr'>portu</span> <span class='ocrx_word' id='word_1_206' title='bbox 1483 2741 1703 2796; x_wconf 88' lang='lat' dir='ltr'>exeunt</span> <span class='ocrx_word' id='word_1_207' title='bbox 1731 2742 1792 2795; x_wconf 89' lang='lat' dir='ltr'>et</span> <span class='ocrx_word' id='word_1_208' title='bbox 1819 2734 2187 2805; x_wconf 72' lang='lat' dir='ltr'>Tauroenta,</span> <span class='ocrx_word' id='word_1_209' title='bbox 2229 2735 2382 2814; x_wconf 90' lang='lat' dir='ltr'>quod</span> <span class='ocrx_word' id='word_1_210' title='bbox 2410 2743 2503 2797; x_wconf 86' lang='lat' dir='ltr'>est</span> 
     </span>
     <span class='ocr_line' id='line_1_30' title="bbox 591 2816 2500 2899; baseline 0 -18"><span class='ocrx_word' id='word_1_211' title='bbox 591 2822 895 2883; x_wconf 91' lang='lat' dir='ltr'>castellum</span> <span class='ocrx_word' id='word_1_212' title='bbox 927 2817 1417 2889; x_wconf 87' lang='lat' dir='ltr'>Massiliensium,</span> <span class='ocrx_word' id='word_1_213' title='bbox 1462 2819 1536 2879; x_wconf 92' lang='lat' dir='ltr'>ad</span> <span class='ocrx_word' id='word_1_214' title='bbox 1566 2816 1878 2880; x_wconf 88' lang='lat' dir='ltr'>Nasidium</span> <span class='ocrx_word' id='word_1_215' title='bbox 1921 2821 2277 2899; x_wconf 89' lang='lat' dir='ltr'>perveniunt</span> <span class='ocrx_word' id='word_1_216' title='bbox 2302 2818 2500 2899; x_wconf 84' lang='lat' dir='ltr'>ibique</span> 
     </span>
     <span class='ocr_line' id='line_1_31' title="bbox 589 2902 2499 2985; baseline -0.001 -19"><span class='ocrx_word' id='word_1_217' title='bbox 589 2924 772 2966; x_wconf 91' lang='lat' dir='ltr'>naves</span> <span class='ocrx_word' id='word_1_218' title='bbox 823 2903 1150 2985; x_wconf 73' lang='lat' dir='ltr'>expediunt</span> <span class='ocrx_word' id='word_1_219' title='bbox 1197 2920 1524 2983; x_wconf 91' lang='lat' dir='ltr'>rursusque</span> <span class='ocrx_word' id='word_1_220' title='bbox 1581 2921 1646 2965; x_wconf 92' lang='lat' dir='ltr'>se</span> <span class='ocrx_word' id='word_1_221' title='bbox 1697 2904 1772 2965; x_wconf 90' lang='lat' dir='ltr'>ad</span> <span class='ocrx_word' id='word_1_222' title='bbox 1820 2902 2260 2981; x_wconf 84' lang='lat' dir='ltr'>confligendum</span> <span class='ocrx_word' id='word_1_223' title='bbox 2310 2904 2499 2964; x_wconf 92' lang='lat' dir='ltr'>animo</span> 
     </span>
     <span class='ocr_line' id='line_1_32' title="bbox 591 2986 2496 3067; baseline -0.001 -17"><span class='ocrx_word' id='word_1_224' title='bbox 591 2991 946 3051; x_wconf 83' lang='lat' dir='ltr'>confirmant</span> <span class='ocrx_word' id='word_1_225' title='bbox 984 2994 1044 3048; x_wconf 92' lang='lat' dir='ltr'>et</span> <span class='ocrx_word' id='word_1_226' title='bbox 1084 2986 1327 3048; x_wconf 90' lang='lat' dir='ltr'>consilia</span> <span class='ocrx_word' id='word_1_227' title='bbox 1367 2987 1827 3050; x_wconf 90' lang='lat' dir='ltr'>communicant.</span> <span class='ocrx_word' id='word_1_228' title='bbox 1900 2986 2121 3048; x_wconf 89' lang='lat' dir='ltr'>Dextra</span> <span class='ocrx_word' id='word_1_229' title='bbox 2151 3004 2291 3067; x_wconf 85' lang='lat' dir='ltr'>pars</span> <span class='ocrx_word' id='word_1_230' title='bbox 2322 2986 2496 3049; x_wconf 90' lang='lat' dir='ltr'>adtri-</span> 
     </span>
     <span class='ocr_line' id='line_1_33' title="bbox 592 3069 1883 3141; baseline -0.001 -8"><span class='ocrx_word' id='word_1_231' title='bbox 592 3071 796 3133; x_wconf 89' lang='lat' dir='ltr'>buitur</span> <span class='ocrx_word' id='word_1_232' title='bbox 825 3069 1310 3141; x_wconf 89' lang='lat' dir='ltr'>Massiliensibus,</span> <span class='ocrx_word' id='word_1_233' title='bbox 1343 3073 1588 3133; x_wconf 91' lang='lat' dir='ltr'>sinistra</span> <span class='ocrx_word' id='word_1_234' title='bbox 1618 3071 1883 3133; x_wconf 90' lang='lat' dir='ltr'>Nasidio.</span> 
     </span>
    </p>

    <p class='ocr_par' dir='ltr' id='par_1_11' title="bbox 540 3153 2492 3403">
     <span class='ocr_line' id='line_1_34' title="bbox 540 3153 2492 3218; baseline 0.002 -4"><span class='ocrx_word' id='word_1_235' title='bbox 540 3165 571 3214; x_wconf 87' lang='lat'><strong>1</strong></span> <span class='ocrx_word' id='word_1_236' title='bbox 719 3155 789 3216; x_wconf 91' lang='lat' dir='ltr'>V.</span> <span class='ocrx_word' id='word_1_237' title='bbox 848 3153 1073 3214; x_wconf 90' lang='lat' dir='ltr'>Eodem</span> <span class='ocrx_word' id='word_1_238' title='bbox 1112 3154 1332 3217; x_wconf 87' lang='lat' dir='ltr'>Brutus</span> <span class='ocrx_word' id='word_1_239' title='bbox 1371 3155 1682 3217; x_wconf 87' lang='lat' dir='ltr'>contendit</span> <span class='ocrx_word' id='word_1_240' title='bbox 1734 3162 1906 3216; x_wconf 90' lang='lat' dir='ltr'>aucto</span> <span class='ocrx_word' id='word_1_241' title='bbox 1945 3157 2188 3217; x_wconf 92' lang='lat' dir='ltr'>navium</span> <span class='ocrx_word' id='word_1_242' title='bbox 2237 3172 2492 3218; x_wconf 90' lang='lat' dir='ltr'>numero.</span> 
     </span>
     <span class='ocr_line' id='line_1_35' title="bbox 591 3238 2491 3319; baseline 0 -19"><span class='ocrx_word' id='word_1_243' title='bbox 591 3238 742 3300; x_wconf 90' lang='lat' dir='ltr'>Nam</span> <span class='ocrx_word' id='word_1_244' title='bbox 774 3238 849 3298; x_wconf 91' lang='lat' dir='ltr'>ad</span> <span class='ocrx_word' id='word_1_245' title='bbox 880 3254 998 3307; x_wconf 75' lang='lat' dir='ltr'>eaS,</span> <span class='ocrx_word' id='word_1_246' title='bbox 1031 3257 1182 3317; x_wconf 90' lang='lat' dir='ltr'>quae</span> <span class='ocrx_word' id='word_1_247' title='bbox 1211 3240 1402 3301; x_wconf 83' lang='lat' dir='ltr'>factae</span> <span class='ocrx_word' id='word_1_248' title='bbox 1433 3245 1607 3300; x_wconf 90' lang='lat' dir='ltr'>erant</span> <span class='ocrx_word' id='word_1_249' title='bbox 1632 3239 1867 3300; x_wconf 81' lang='lat' dir='ltr'>Arelate</span> <span class='ocrx_word' id='word_1_250' title='bbox 1897 3258 2008 3319; x_wconf 89' lang='lat' dir='ltr'>per</span> <span class='ocrx_word' id='word_1_251' title='bbox 2037 3241 2370 3308; x_wconf 86' lang='lat' dir='ltr'>Caesarem,</span> <span class='ocrx_word' id='word_1_252' title='bbox 2399 3257 2491 3300; x_wconf 90' lang='lat' dir='ltr'>ca·</span> 
     </span>
     <span class='ocr_line' id='line_1_36' title="bbox 589 3321 2491 3403; baseline 0.002 -21"><span class='ocrx_word' id='word_1_253' title='bbox 589 3324 789 3402; x_wconf 92' lang='lat' dir='ltr'>ptivae</span> <span class='ocrx_word' id='word_1_254' title='bbox 820 3321 1276 3385; x_wconf 89' lang='lat' dir='ltr'>Massiliensium</span> <span class='ocrx_word' id='word_1_255' title='bbox 1318 3330 1694 3385; x_wconf 90' lang='lat' dir='ltr'>accesserant</span> <span class='ocrx_word' id='word_1_256' title='bbox 1731 3341 1855 3385; x_wconf 89' lang='lat' dir='ltr'>sex.</span> <span class='ocrx_word' id='word_1_257' title='bbox 1937 3323 2058 3384; x_wconf 88' lang='lat' dir='ltr'>Has</span> <span class='ocrx_word' id='word_1_258' title='bbox 2083 3322 2491 3403; x_wconf 48' lang='lat' dir='ltr'>*superioribus</span> 
     </span>
    </p>

    <p class='ocr_par' dir='ltr' id='par_1_12' title="bbox 537 3403 2489 3657">
     <span class='ocr_line' id='line_1_37' title="bbox 537 3403 2489 3487; baseline 0.001 -22"><span class='ocrx_word' id='word_1_259' title='bbox 537 3414 572 3465; x_wconf 75' lang='lat'><em>2</em></span> <span class='ocrx_word' id='word_1_260' title='bbox 598 3403 814 3467; x_wconf 91' lang='lat' dir='ltr'>diebus</span> <span class='ocrx_word' id='word_1_261' title='bbox 842 3406 1138 3469; x_wconf 75' lang='lat' dir='ltr'>refecerat</span> <span class='ocrx_word' id='word_1_262' title='bbox 1165 3416 1343 3487; x_wconf 87' lang='lat' dir='ltr'>atque</span> <span class='ocrx_word' id='word_1_263' title='bbox 1367 3406 1645 3469; x_wconf 89' lang='lat' dir='ltr'>omnibus</span> <span class='ocrx_word' id='word_1_264' title='bbox 1668 3407 1854 3469; x_wconf 89' lang='lat' dir='ltr'>rebus</span> <span class='ocrx_word' id='word_1_265' title='bbox 1880 3409 2265 3469; x_wconf 88' lang='lat' dir='ltr'>instruxerat.</span> <span class='ocrx_word' id='word_1_266' title='bbox 2307 3405 2489 3485; x_wconf 86' lang='lat' dir='ltr'>Itaque</span> 
     </span>
     <span class='ocr_line' id='line_1_38' title="bbox 592 3489 2488 3573; baseline 0 -22"><span class='ocrx_word' id='word_1_267' title='bbox 592 3506 734 3551; x_wconf 90' lang='lat' dir='ltr'>suos</span> <span class='ocrx_word' id='word_1_268' title='bbox 778 3489 1148 3562; x_wconf 90' lang='lat' dir='ltr'>cohortatus,</span> <span class='ocrx_word' id='word_1_269' title='bbox 1201 3510 1350 3573; x_wconf 91' lang='lat' dir='ltr'>quos</span> <span class='ocrx_word' id='word_1_270' title='bbox 1389 3494 1655 3571; x_wconf 89' lang='lat' dir='ltr'>integros</span> <span class='ocrx_word' id='word_1_271' title='bbox 1699 3493 2169 3571; x_wconf 89' lang='lat' dir='ltr'>superavissent,</span> <span class='ocrx_word' id='word_1_272' title='bbox 2221 3497 2288 3551; x_wconf 91' lang='lat' dir='ltr'>ut</span> <span class='ocrx_word' id='word_1_273' title='bbox 2322 3491 2488 3551; x_wconf 90' lang='lat' dir='ltr'>victos</span> 
     </span>
     <span class='ocr_line' id='line_1_39' title="bbox 590 3573 2486 3657; baseline 0 -22"><span class='ocrx_word' id='word_1_274' title='bbox 590 3581 1069 3649; x_wconf 87' lang='lat' dir='ltr'>contemnerent,</span> <span class='ocrx_word' id='word_1_275' title='bbox 1120 3575 1336 3657; x_wconf 86' lang='lat' dir='ltr'>plenus</span> <span class='ocrx_word' id='word_1_276' title='bbox 1381 3578 1511 3657; x_wconf 89' lang='lat' dir='ltr'>spei</span> <span class='ocrx_word' id='word_1_277' title='bbox 1555 3575 1746 3639; x_wconf 90' lang='lat' dir='ltr'>bonae</span> <span class='ocrx_word' id='word_1_278' title='bbox 1789 3584 1966 3657; x_wconf 90' lang='lat' dir='ltr'>atque</span> <span class='ocrx_word' id='word_1_279' title='bbox 2012 3575 2194 3636; x_wconf 90' lang='lat' dir='ltr'>animi</span> <span class='ocrx_word' id='word_1_280' title='bbox 2235 3573 2486 3635; x_wconf 82' lang='lat' dir='ltr'>adversus</span> 
     </span>
    </p>
   </div>
   <div class='ocr_carea' id='block_1_3' title="bbox 2650 2774 2652 2871">
    <p class='ocr_par' dir='ltr' id='par_1_13' title="bbox 2650 2774 2652 2871">
     <span class='ocr_line' id='line_1_40' title="bbox 2650 2774 2652 2871; baseline 0 0"><span class='ocrx_word' id='word_1_281' title='bbox 2650 2774 2652 2871; x_wconf 58' lang='grc'><strong>4</strong></span> 
     </span>
    </p>
   </div>
   <div class='ocr_carea' id='block_1_4' title="bbox 2658 2284 2661 2348">
    <p class='ocr_par' dir='ltr' id='par_1_14' title="bbox 2658 2284 2661 2348">
     <span class='ocr_line' id='line_1_41' title="bbox 2658 2284 2661 2348; baseline 0 0"><span class='ocrx_word' id='word_1_282' title='bbox 2658 2284 2661 2348; x_wconf 62' lang='grc' dir='ltr'>ἰ</span> 
     </span>
    </p>
   </div>
  </div>
 </body>
</html>
