2750 4255
600 298 723 364 112
1238 303 1334 359 DE
1375 302 1608 360 BELLO
1654 303 1872 359 crvm

599 471 771 541 saris,
805 472 909 551 qui
940 472 1249 550 superiore
1281 488 1437 531 anno
1468 469 1623 548 apud
1656 487 1792 530 eum
1832 470 2091 549 primum
2122 467 2310 548 pilum
2341 469 2404 529 in
2430 469 2523 529 le-

546 564 579 614 2
603 557 777 634 gione
817 568 886 616 x.
929 556 1207 625 duxerat,
1252 555 1345 614 vir
1386 553 1673 632 singulari
1712 555 1950 614 virtute.
2013 553 2126 613 Hic
2132 554 2332 649 ’signo
2362 552 2525 623 dato,

599 636 957 719 Sequimini
983 656 1098 715 me,
1143 640 1367 718 inquit,
1410 634 1847 732 manipulares
1872 634 1994 699 mei
2032 634 2145 715 qui
2178 633 2421 714 fuistis,
2464 638 2530 700 et

598 725 797 786 vestro
853 721 1255 802 imperatori,
1314 738 1509 801 quam
1557 719 1989 796 constimistiS,
2047 738 2302 800 operam
2358 719 2526 783 date.

608 804 827 871 Unum
854 806 968 869 hoc
988 804 1301 887 proelium
1325 807 1635 886 superes&
1677 822 1799 885 quo
1828 802 2091 883 confecto
2120 807 2179 867 et
2204 802 2310 867 ille
2335 821 2532 867 suam

543 899 578 950 ⁸
602 890 971 991 (imitatem
994 893 1052 953 et
1068 907 1184 952 nos
1203 891 1490 953 nostram
1515 887 1857 952 libertatem
1870 887 2392 988 recuperabimus.
2426 889 2531 950 Si-

601 977 724 1038 mul
748 978 1080 1055 respiciens
1101 976 1436 1044 Caesarem,
1461 970 1752 1049 Faciam,
1784 975 1995 1053 inquit,
2026 971 2223 1049 hodie,
2245 972 2531 1053 impera-

543 1067 580 1115 4
601 1063 715 1136 tor,
745 1060 820 1121 ut
844 1060 960 1121 aut
982 1056 1123 1121 vivo
1145 1056 1302 1121 mihi
1329 1060 1446 1121 aut
1463 1059 1707 1123 mortuo
1731 1056 1981 1138 gratias
2003 1020 2529 1137 a9a3.'}1aeccum

599 1145 867 1214 dixisset,
898 1145 1127 1223 primus
1157 1162 1229 1204 ex
1261 1144 1472 1205 dextro
1503 1160 1690 1204 cornu
1718 1144 2131 1222 procucurrit,
2174 1150 2352 1222 atque
2383 1161 2531 1205 eum

600 1229 777 1290 electi
819 1228 1043 1288 milites
1084 1230 1326 1289 circiter
1357 1239 1500 1287 cxx
1539 1227 1861 1288 voluntarii
1905 1226 2169 1287 eiusdem
2212 1229 2529 1288 centuriae

602 1319 743 1374 sunt
775 1313 1100 1392 prosecuti.

550 1404 578 1454 1
726 1396 1072 1458 LXXXXII.
1150 1396 1313 1456 Inter
1363 1395 1511 1457 duas
1560 1397 1721 1457 acies
1772 1402 2002 1457 tantum
2054 1402 2187 1456 erat
2241 1394 2528 1458 relictum

600 1483 810 1562 spatii,
853 1487 920 1541 ut
961 1483 1107 1541 satis
1135 1487 1293 1540 esset
1332 1479 1407 1541 ad
1449 1497 1803 1540 concursum
1844 1482 2155 1560 utriusque
2201 1482 2525 1541 exercitus,

543 1574 578 1624 2
603 1566 720 1627 Sed
749 1564 1070 1644 Pompeius
1099 1566 1225 1625 suis
1252 1563 1654 1644 praedixerat,
1686 1571 1753 1625 ut
1782 1563 2057 1625 Caesaris
2099 1566 2390 1644 impetum
2419 1583 2528 1625 ex-

600 1653 875 1729 ciperent
912 1666 1062 1709 neve
1105 1666 1170 1708 se
1210 1645 1340 1708 loco
1382 1654 1693 1709 moverent
1731 1648 2039 1728 aciemque
2090 1651 2222 1710 eius
2267 1648 2527 1709 distrahi

598 1739 983 1813 paterentur;
1027 1732 1207 1809 idque
1238 1730 1547 1793 admonitu
1577 1731 1641 1792 C.
1673 1730 1896 1793 Triarii
1941 1734 2154 1794 fecisse
2184 1733 2524 1804 dicebatur,

592 1826 668 1878 ut
696 1819 930 1897 primus
957 1834 1246 1878 excursus
1272 1819 1482 1896 visque
1504 1816 1760 1879 militum
1788 1818 2222 1895 infringeretur
2242 1819 2527 1898 aciesque

601 1901 1067 1971 distenderetur,
1099 1909 1277 1977 atque
1308 1903 1371 1962 in
1403 1903 1529 1962 suis
1558 1900 1870 1961 ordinibus
1899 1902 2175 1981 dispositi
2218 1903 2529 1981 dispersos

601 1987 1011 2056 adorirentur;
1054 1985 1363 2065 leviusque
1404 2003 1615 2046 casura
1659 1985 1783 2064 pila
1825 1985 2107 2065 sperabat
2144 1986 2206 2047 in
2231 1985 2382 2047 *loco
2422 2003 2527 2047 re-

600 2073 784 2133 tentis
806 2069 1113 2141 militibus,
1139 2088 1315 2150 quam
1341 2072 1393 2132 si
1416 2071 1533 2150 ipsi
1563 2070 1833 2131 inmissis
1860 2070 2000 2133 telis
2022 2072 2525 2144 occucurrissent,

601 2157 779 2218 simul
806 2156 966 2226 iore,
1010 2161 1077 2216 ut
1106 2154 1406 2234 duplicato
1449 2172 1636 2215 cursu·
1659 2155 1929 2216 Caesaris
1966 2155 2189 2216 milites
2220 2158 2526 2217 exanima-

546 2247 580 2297 8
605 2247 815 2301 rentur
855 2246 916 2300 et
957 2238 1303 2300 lassitudine
1333 2239 1792 2300 conficerentur.
1864 2237 2032 2309 Quod
2075 2239 2251 2301 nobis
2279 2241 2529 2320 quidem

602 2325 760 2385 nulla
788 2325 1022 2384 ratione
1053 2324 1279 2384 sactum
1306 2341 1340 2383 a
1372 2323 1658 2402 Pompeio
1685 2323 1953 2393 videtur,
1999 2331 2321 2403 propterea
2362 2325 2529 2405 quod

602 2415 695 2468 est
734 2408 1028 2487 quaedam
1067 2408 1252 2467 animi
1300 2408 1572 2468 incitatio
1614 2415 1789 2486 atque
1841 2408 2121 2469 alacritas
2167 2407 2529 2471 naturaliter

546 2499 583 2548 4
604 2494 807 2553 innata
848 2489 1154 2561 omnibuS,
1209 2509 1361 2570 quae
1402 2491 1600 2552 studio
1638 2509 1872 2571 pugnae
1924 2493 2285 2554 incenditur.
2356 2493 2528 2555 Hanc

599 2594 721 2636 non
764 2576 1129 2656 reprimere,
1184 2576 1290 2638 sed
1329 2593 1551 2654 augere
1591 2578 1985 2655 imperatores
2025 2576 2276 2648 debent;
2327 2595 2527 2658 neque

598 2661 826 2721 frustra
866 2661 1194 2739 antiquitus
1234 2662 1574 2721 institutum
1605 2669 1726 2731 est,
1769 2667 1837 2720 ut
1877 2663 2045 2734 signa
2089 2662 2353 2741 undique
2382 2680 2527 2722 con-

600 2746 877 2804 cinerent
918 2743 1352 2825 clamoremque
1393 2745 1659 2805 universi
1707 2745 2015 2816 tollerent;
2069 2745 2289 2823 quibus
2337 2745 2529 2808 rebus

603 2836 664 2889 et
691 2828 893 2889 hostes
921 2831 1140 2890 terreri
1171 2836 1234 2889 et
1262 2847 1400 2889 suos
1428 2830 1668 2890 incitari
1698 2831 2207 2891 existimaverunt.

547 2919 577 2971 2
725 2912 1097 2974 LXXXXIII.
1146 2912 1263 2974 Sed
1292 2915 1483 2974 nostri
1515 2914 1738 2974 milites
1768 2914 1905 2975 dato
1928 2916 2097 2993 signo
2120 2933 2255 2976 cum
2284 2916 2530 2977 infestis

599 2996 741 3077 pilis
780 3000 1304 3076 procucurrissent
1344 3004 1520 3077 atque
1568 2998 2152 3069 animadvertissent,
2206 3018 2325 3061 non
2379 3017 2527 3060 con-

600 3082 765 3142 curri
807 3100 840 3143 a
879 3080 1290 3162 PompeianiS,
1343 3100 1458 3142 usu
1496 3084 1682 3161 periti
1722 3100 1791 3143 ac
1835 3083 2252 3164 superioribus
2302 3085 2528 3164 pugnis

598 3166 914 3227 exercitati
946 3184 1051 3228 sua
1080 3173 1289 3245 sponte
1318 3183 1563 3226 cursum
1591 3174 2015 3246 represserunt
2054 3175 2117 3228 et
2155 3168 2228 3229 ad
2257 3168 2528 3228 medium

586 3249 729 3310 fere
760 3250 1016 3328 spatium
1047 3250 1472 3321 constiterunt,
1514 3268 1591 3311 ne
1632 3253 2000 3332 consumptis
2032 3251 2267 3313 viribus
2305 3252 2526 3331 adpro-

598 3336 993 3414 pinquarent,
1038 3351 1340 3413 parvoque
1370 3336 1716 3396 intermisso
1745 3338 2037 3416 temporis
2065 3336 2257 3416 spatio
2287 3354 2356 3397 ac
2386 3353 2525 3396 rur-

599 3433 705 3477 rus
744 3423 1027 3478 renovato
1070 3435 1252 3478 cursu
1289 3418 1414 3498 pila
1453 3422 1747 3481 miserunt
1796 3420 2222 3501 celeriterque,
2276 3427 2345 3481 ut
2393 3428 2528 3482 erat

547 3508 578 3558 Ξ
601 3506 985 3579 praeceptum
1019 3519 1054 3562 a
1083 3501 1364 3573 Caesare,
1410 3503 1640 3581 gladios
1665 3506 2057 3566 strinxerunt.
2129 3504 2338 3585 Neque
2380 3522 2525 3565 vero

598 3584 947 3667 Pompeiani
990 3585 1130 3648 huic
1159 3589 1254 3648 rei
1296 3587 1637 3650 defuerunt.
1698 3588 1848 3649 Nam
1879 3596 1939 3650 et
1979 3589 2096 3650 tela
2125 3591 2309 3651 missa
2350 3607 2524 3650 exce-
