2750 4255
831 344 1057 403 COMM.
1084 346 1128 403 1.
1181 344 1334 404 CAP.
1361 345 1674 404 VII—XII.
2176 343 2214 407 7

261 506 536 581 ductae,
571 512 871 573 civitatem
895 530 1026 574 esse
1055 514 1123 574 in
1152 514 1357 575 armiS.
1409 512 1675 583 Quonam
1703 513 1851 575 haec
1874 515 2217 576 omnia-nisi

263 594 351 654 ad
400 613 579 656 suam
614 597 948 676 perniciem
987 597 1331 677 pertinere?
1404 597 1522 659 Sed
1561 604 1761 658 tamen
1800 597 1874 658 ad
1914 600 2113 660 omnia
2145 617 2210 659 se
2234 606 2267 657 5
2302 616 2306 621 ·

264 677 657 741 descendere
696 687 969 759 paratum
999 688 1175 762 atque
1206 683 1405 742 omnia
1445 684 1571 761 pati
1610 681 1977 762 reipublicae
2018 701 2215 753 causa.

267 760 718 827 Proficiscatur
746 764 1067 844 Pompeius
1105 769 1171 826 in
1201 784 1339 827 suas
1366 768 1732 844 provincias,
1774 768 1891 845 ipsi
1919 769 2219 828 exercitus

267 846 626 919 dimittant,
672 848 980 910 discedant
1019 851 1083 910 in
1123 849 1291 912 Italia
1335 867 1541 910 omnes
1584 848 1658 909 ab
1699 852 1906 920 armiS,
1949 859 2144 912 metus
2182 869 2216 911 e

271 931 529 993 civitate
579 931 854 1003 tollatur,
908 931 1100 993 libera
1143 935 1385 993 comitia
1426 942 1605 1013 atque
1645 934 1838 993 omnis
1876 934 2217 1013 respublica

272 1018 524 1076 senatui
552 1016 888 1096 populoque
912 1016 1176 1078 Romano
1197 1019 1603 1097 permittatur.
1655 1017 1814 1078 Haec
1837 1036 1954 1098 quo
1974 1020 2212 1080 facilius
2236 1028 2270 1078 6

271 1102 593 1180 certisque
635 1099 1093 1162 condicionibus
1129 1103 1276 1163 fiant
1315 1108 1377 1163 et
1424 1102 1812 1163 iureiurando
1853 1104 2215 1174 sanciantur,

271 1191 391 1244 aut
435 1186 566 1264 ipse
605 1187 857 1265 propius
886 1186 1133 1246 accedat
1174 1192 1276 1246 aut
1315 1203 1381 1246 se
1411 1188 1672 1265 patiatur
1701 1187 2018 1257 accedere;
2059 1189 2215 1257 fore,

279 1268 383 1328 uti
415 1287 528 1347 per
557 1269 850 1348 colloquia
880 1287 1090 1330 omnes
1118 1273 1555 1332 controversiae
1586 1278 2036 1349 componantur.

417 1352 492 1413 X.
550 1355 826 1432 Acceptis
853 1353 1145 1419 mandatis
1173 1353 1424 1414 Roscius
1454 1373 1488 1414 a
1514 1353 1763 1415 Caesare
1787 1356 2046 1433 Capuam
2076 1374 2212 1435 per·
2237 1365 2266 1412 1

277 1439 459 1497 venit
509 1436 716 1516 ibique
769 1438 1040 1498 consules
1090 1437 1559 1518 Pompeiumque
1613 1437 1865 1508 invenit;
1923 1441 2218 1518 postulata

259 1518 559 1581 Caesaris
598 1522 920 1582 renuntiat.
980 1521 1072 1583 Illi
1103 1521 1431 1582 deliberata
1470 1539 1541 1583 re
1567 1522 1933 1600 respondent
1960 1525 2210 1602 scripta·
2232 1533 2266 1581 2

279 1622 407 1682 que
429 1605 501 1665 ad
524 1623 660 1666 eum
682 1605 954 1667 mandata
979 1608 1314 1675 remittunt,
1337 1624 1592 1686 quorum
1620 1606 1768 1666 haec
1797 1614 1927 1667 erat
1954 1625 2213 1668 summa:

281 1688 507 1750 Caesar
535 1691 599 1749 in
628 1689 876 1751 Galliam
904 1698 1327 1761 reverteretur,
1360 1692 1629 1751 Arimino
1659 1691 1994 1760 excederet,
2037 1710 2209 1752 exer·
2232 1700 2267 1749 3

281 1773 443 1833 citus
473 1773 834 1844 dimitteret;
867 1791 1018 1853 quae
1042 1776 1094 1835 si
1125 1766 1399 1854 fecisset,
1430 1774 1778 1853 Pompeium
1806 1776 1868 1835 in
1898 1775 2217 1854 Hispanias

279 1857 536 1916 iturum.
595 1856 861 1926 Interea,
891 1858 1086 1936 quoad
1115 1858 1263 1919 fides
1292 1866 1450 1919 esset
1484 1856 1637 1927 data,
1684 1858 1995 1918 Caesarem
2026 1860 2213 1919 factu·
2235 1867 2271 1916 4

283 1958 444 2008 rum,
476 1957 628 2018 quae
657 1940 1075 2018 polliceretur,
1108 1959 1227 2001 non
1257 1943 1709 2001 intermissuros
1738 1943 2012 2002 consul‘es
2041 1942 2215 2002 Pom·

286 2025 614 2103 peiumque
648 2023 929 2084 delectus.
1248 2088 1251 2091 ,

417 2107 518 2169 XI.
579 2108 725 2169 Erat
751 2109 959 2185 iniqua
982 2107 1254 2170 condicio
1283 2108 1612 2188 postulare,
1637 2116 1705 2171 ut
1719 2109 1933 2172 Caesar
1944 2110 2214 2172 Arimino
2239 2120 2268 2168 1

287 2193 607 2255 excederet
656 2200 833 2271 atque
884 2194 949 2253 in
1000 2194 1365 2272 provinciam
1421 2201 1856 2264 reverteretur,
1911 2196 2106 2273 ipsum
2158 2203 2220 2255 et

289 2278 628 2357 provincias
658 2283 719 2337 et
746 2276 1015 2354 legiones
1043 2277 1268 2336 alienas
1299 2285 1538 2348 tenere;
1582 2280 1913 2339 exercitum
1944 2277 2216 2339 Caesaris

289 2361 438 2421 velle
470 2361 710 2431 dimitti,
743 2360 1007 2422 delectus
1035 2360 1288 2431 habere;
1332 2361 1623 2440 polliceri,
1656 2381 1720 2423 se
1751 2364 1815 2422 in
1846 2364 2213 2441 provinciam
2234 2372 2267 2420 2

288 2446 529 2514 iturum,
560 2463 774 2525 neque,
806 2452 944 2505 ante
974 2449 1155 2522 quem
1183 2444 1339 2505 diem
1367 2447 1565 2506 iturus
1594 2448 1703 2517 sit,
1747 2447 2015 2516 definire,
2046 2453 2129 2516 ut,
2162 2449 2216 2508 si

288 2536 532 2609 peracto
561 2529 870 2589 consulatu
901 2529 1171 2591 Caesaris
1201 2546 1322 2590 non
1350 2531 1656 2608 profectus
1688 2538 1876 2601 esset,
1923 2531 2083 2592 nulla
2127 2537 2214 2591 ta·

289 2631 430 2674 men
459 2613 754 2675 mendacii
783 2612 1074 2689 religione
1098 2611 1421 2674 obstrictus
1441 2613 1775 2685 videretur3
1806 2622 2043 2694 tempus
2071 2633 2213 2675 vero
2234 2624 2268 2673 3

291 2697 585 2777 colloquio
630 2715 751 2758 non
793 2697 938 2757 dare
978 2715 1174 2776 neque
1218 2716 1600 2759 accessurum
1641 2694 1910 2778 polliceri
1942 2717 2213 2776 magnam

289 2783 457 2861 pacis
485 2781 965 2862 desperationem
995 2781 1324 2843 adferebat.
1377 2782 1583 2863 Itaque
1605 2783 1677 2844 ab
1702 2784 1970 2845 Arimino
2000 2783 2208 2843 M.An-
2230 2791 2266 2840 4

291 2867 523 2927 tonium
563 2884 699 2927 cum
737 2865 1082 2927 cohortibus
1123 2881 1170 2927 v
1198 2868 1502 2928 Arretium
1544 2869 1757 2938 mittit;
1799 2869 1929 2946 ipse
1958 2867 2215 2926 Arimini

291 2968 427 3011 cum
483 2949 714 3011 duabus
759 2947 1155 3030 [legionibus]
1200 2950 1476 3011 subsistit
1520 2951 1725 3030 ibique
1777 2949 2070 3011 delectum
2111 2950 2213 3010 ha-

291 3032 435 3094 bere
465 3035 761 3104 instituit;
804 3033 1145 3104 Pisaurum,
1188 3034 1449 3105 Fanum,
1493 3035 1792 3095 Anconam
1835 3035 2086 3111 singulis
2117 3052 2214 3094 co-

289 3117 563 3179 hortibus
593 3124 865 3197 occupat.
1722 3116 1726 3120 ’

417 3201 547 3263 XII.
606 3202 844 3263 Interea
875 3207 1100 3265 certior
1127 3205 1350 3274 factus,
1389 3203 1656 3281 Iguvium
1685 3202 2011 3263 Thermum
2041 3221 2212 3282 prae·
2238 3212 2267 3259 1

292 3295 484 3352 torem
514 3285 862 3349 cohortibus
891 3300 939 3348 v
968 3294 1194 3358 tenere,
1230 3288 1512 3367 oppidum
1542 3289 1799 3357 munire,
1831 3289 2215 3366 omniumque

290 3388 423 3431 esse
454 3370 835 3448 Iguvinorum
865 3373 1151 3450 optimam
1179 3388 1321 3449 erga
1364 3390 1429 3432 se
1457 3372 1850 3441 voluntatem,
1894 3371 2216 3433 Curionem

289 3472 426 3514 cum
454 3454 647 3517 tribus
678 3454 1026 3516 cohortibus
1043 3501 1060 3525 ,
1103 3473 1250 3533 quas
1280 3455 1512 3516 Pisauri
1555 3464 1616 3516 et
1644 3456 1899 3516 Arimini
1937 3454 2213 3536 habebat,

290 3539 496 3599 mittit.
557 3539 739 3600 Cuius
768 3540 1023 3600 adventu
1053 3540 1291 3616 cognito
1323 3539 1553 3616 diffisus
1580 3541 1896 3619 municipii
1925 3540 2215 3601 voluntati
2236 3548 2268 3595 2

289 3619 585 3684 Thermus
624 3624 900 3685 cohortes
942 3641 1015 3684 ex
1056 3622 1206 3683 urbe
1252 3623 1489 3683 reducit
1528 3631 1589 3684 et
1639 3625 1925 3704 profugit.
1996 3624 2217 3685 Milites
