2750 4255
816 323 1045 383 COMM.
1071 324 1143 382 11.
1186 324 1341 384 GAP.
1368 325 1627 385 II—VI.
2101 321 2188 387 45

245 510 368 554 eos
394 491 816 572 proficiscitur.
877 491 1078 553 Facile
1109 498 1239 553 erat
1268 510 1343 554 ex
1371 493 1587 554 castris
1615 490 1679 553 C.
1712 491 1976 555 Treboni
2005 501 2184 574 atque
2205 501 2316 575 alb,
2336 489 2448 588 as„-
2471 457 2672 552 21AEss

244 574 545 639 omnibus
574 575 989 657 superioribus
1016 576 1165 638 locis
1193 578 1539 657 prospicere
1578 578 1643 638 in
1675 575 1916 648 urbem,
1962 584 2031 638 ut
2057 597 2184 639 om·
2205 611 2254 653 φ
2271 615 2334 648 ,A
2357 584 2678 662 mazicos,

242 663 359 724 nis
386 662 696 729 iuventus,
738 678 890 741 quae
928 662 991 720 in
1022 660 1241 740 oppido
1280 667 1679 732 remanserat,
1731 679 2054 741 omnesque
2086 680 2185 723 su·
2209 667 2529 740 &fil-m
2583 667 2590 670 ’
2657 651 2666 672 ‘

242 746 521 826 perioris
562 746 774 806 aetatis
815 762 953 805 cum
991 741 1204 814 liberis
1257 752 1436 825 atque
1474 743 1766 806 uxoribus
1780 735 2187 825 [publicisque
2246 756 2510 805 amam
2547 739 2590 822 J

246 828 553 892 custodiis
596 836 698 908 aut
738 847 812 889 ex
838 820 1040 909 murq]
1052 828 1127 889 ad
1177 829 1406 890 caelum
1447 847 1656 891 manus
1696 829 2041 900 tenderent,
2088 837 2190 891 aut
2300 839 2454 893 m.

244 912 483 991 templa
527 911 775 973 deorum
825 912 1247 973 immortalium
1299 914 1535 975 adirent
1584 921 1647 975 et
1694 920 1829 975 ante
1871 914 2188 976 simulacra

247 997 519 1079 proiecti
547 997 860 1058 victoriam
890 994 965 1057 ab
1000 995 1092 1056 dis
1136 1004 1545 1075 exposcerent.
1614 998 1822 1077 Neque
1854 1005 1983 1060 erat
2021 1002 2183 1077 quis·
2207 1007 2244 1057 4

249 1098 444 1161 quam
483 1082 776 1151 omnium,
820 1082 967 1160 quin
1008 1081 1072 1139 in
1117 1081 1248 1141 eius
1292 1081 1415 1142 diei
1458 1099 1600 1142 casu
1640 1100 1881 1143 suarum
1924 1085 2188 1144 omnium

250 1167 636 1227 fortunarum
679 1171 957 1225 eventum
987 1165 1316 1225 consistere
1347 1167 1738 1227 existimaret.
1812 1166 1960 1228 Nam
1991 1174 2053 1228 et
2079 1167 2185 1228 ho·
2207 1173 2240 1226 ὅ

251 1250 424 1311 nesti
455 1266 527 1309 ex
556 1251 862 1309 iuventute
893 1254 957 1308 et
984 1248 1270 1324 cuiusque
1293 1250 1506 1309 aetatis
1534 1250 1888 1328 amplissimi
1918 1254 2188 1312 nomina-

252 1335 374 1395 tim
416 1334 642 1394 evocati
685 1339 861 1412 atque
903 1330 1204 1392 obsecrati
1249 1334 1418 1394 navis
1458 1332 1956 1404 conscenderant,
2001 1341 2093 1404 ut,
2137 1337 2190 1396 si

250 1417 409 1499 quid
459 1416 692 1477 adversi
743 1415 1090 1485 accidisset,
1152 1433 1229 1476 ne
1279 1415 1351 1477 ad
1401 1415 1734 1477 conandum
1783 1416 2025 1496 quidem
2071 1416 2192 1478 sibi

251 1503 583 1582 quicquam
610 1499 830 1579 reliqui
871 1498 998 1560 fore
1045 1498 1346 1571 viderent;
1392 1502 1446 1561 si
1475 1502 1934 1579 superavissent,
1965 1500 2056 1561 vel
2086 1501 2191 1561 do·

249 1587 528 1648 mesticis
568 1582 783 1665 opibus
813 1584 904 1645 vel
947 1585 1212 1645 externis
1242 1584 1479 1646 auxiliis
1509 1584 1583 1645 de
1617 1584 1805 1646 salute
1844 1584 2016 1646 urbis
2048 1603 2189 1646 con·

253 1671 540 1731 fiderent.

392 1753 486 1814 vl.
572 1753 897 1816 Commisso
947 1754 1178 1833 proelio
1225 1753 1697 1816 Massiliensibus
1746 1771 1848 1815 res
1903 1753 2065 1815 nulla
2116 1753 2191 1813 ad
2212 1763 2242 1813 1

255 1840 550 1899 virtutem
579 1838 802 1908 defuit3
834 1837 939 1898 sed
967 1856 1263 1899 memores
1293 1856 1502 1899 eorum
1530 1845 2007 1918 praeceptorum,
2039 1856 2193 1917 quae

256 1919 447 2002 paulo
478 1927 614 1981 ante
645 1919 720 1980 ab
750 1922 877 1981 suis
906 1928 1276 2000 acceperant,
1308 1920 1422 1982 hoc
1452 1924 1651 1983 animo
1679 1921 2084 1992 decertabant,
2126 1928 2195 1983 ut

256 2004 496 2067 nullum
550 2002 711 2064 aliud
751 2010 988 2082 tempus
1041 2004 1115 2064 ad
1156 2005 1490 2066 conandum
1539 2004 1804 2067 habituri
1844 2004 2195 2066 viderentur

192 2109 195 2112 ¹
260 2095 358 2161 et,
403 2085 623 2168 quibus
665 2089 730 2148 in
771 2103 970 2168 pugna
1009 2089 1166 2149 vitae
1209 2088 1545 2168 periculum
1584 2090 1914 2161 accideret,
1958 2091 2192 2151 nonita

257 2172 455 2236 multo
497 2191 561 2234 se
603 2172 973 2252 reliquorum
1014 2174 1233 2234 civium
1270 2174 1458 2234 fatum
1502 2175 1860 2237 antecedere
1890 2176 2192 2236 existima·

259 2263 433 2328 rent,
489 2256 709 2337 quibus
748 2256 900 2319 urbe
943 2263 1112 2336 capta
1153 2257 1361 2318 eadem
1402 2266 1562 2319 esset
1615 2258 1759 2321 belli
1800 2261 2041 2321 fortuna
2086 2276 2192 2339 pa·

260 2340 487 2404 tienda.
573 2340 960 2421 Diductisque
1011 2344 1235 2402 nostris
1288 2341 1573 2422 paulatim
1622 2342 1876 2405 navibus
1933 2352 1992 2405 et
2048 2344 2192 2404 arti·
2214 2352 2251 2403 2

260 2427 404 2496 flcio
446 2424 918 2504 gubernatorum
957 2426 1016 2487 et
1054 2425 1379 2489 mobilitati
1425 2428 1662 2490 navium
1713 2428 1880 2489 locus
1920 2426 2192 2498 dabatur,

265 2518 329 2572 et
360 2511 413 2570 si
443 2510 679 2590 quando
709 2510 901 2572 nostri
928 2508 1271 2571 facultatem
1300 2513 1462 2570 nacti
1490 2511 1709 2573 ferreis
1737 2511 2016 2573 manibus
2043 2513 2193 2573 inie-

263 2596 381 2656 ctis
422 2611 632 2655 navem
661 2595 1091 2671 religaverant,
1133 2593 1399 2673 undique
1441 2595 1567 2656 suis
1606 2593 2018 2657 laborantibus
2058 2614 2193 2657 suc·

264 2677 611 2739 currebant.
684 2678 891 2759 Neque
921 2696 1064 2738 vero
1109 2679 1415 2739 coniuncti
1444 2677 1670 2741 Albicis
1709 2683 2040 2741 comminus
2079 2699 2189 2760 pu·
2212 2687 2246 2737 8

267 2760 509 2840 gnando
520 2761 878 2823 deficiebant
906 2780 1100 2842 neque
1129 2762 1383 2824 multum
1397 2762 1691 2825 cedebant
1713 2766 1936 2827 virtute
1948 2766 2190 2825 nostris,

265 2843 461 2906 Simul
492 2862 565 2905 ex
594 2845 929 2907 minoribus
958 2844 1210 2908 navibus
1247 2863 1462 2924 magna
1491 2850 1582 2909 vis
1623 2848 1855 2909 eminus
1894 2849 2074 2908 missa
2104 2853 2194 2907 te·

264 2929 464 2990 lorum
500 2928 685 2990 multa
726 2932 950 2991 nostris
980 2928 1083 3010 [de
1123 2927 1478 3009 improviso]
1520 2929 1984 3009 inprudentibus
2012 2938 2193 3006 atque

266 3010 581 3092 impeditis
607 3012 851 3073 vulnera
870 3013 1243 3076 inserebant.
1315 3015 1819 3094 conspicataeque
1860 3031 2042 3075 naves
2080 3014 2189 3074 tri·
2213 3022 2250 3072 4

266 3114 470 3159 remes
499 3095 651 3156 duae
680 3113 890 3157 navem
918 3097 988 3158 D.
1015 3097 1224 3168 Bruti,
1266 3115 1418 3176 quae
1450 3116 1524 3159 ex
1558 3098 1781 3175 insigni
1809 3096 1984 3159 facile
2014 3114 2193 3175 agno·

268 3183 357 3243 sci
386 3186 643 3259 poterat,
676 3177 906 3241 duabus
935 3199 1008 3241 ex
1046 3181 1322 3261 partibus
1350 3199 1483 3243 sese
1523 3183 1588 3244 in
1619 3200 1750 3243 eam
1777 3183 2192 3244 incitaverant.

273 3264 391 3326 Sed
422 3271 651 3325 tantum
682 3281 751 3324 re
780 3266 1019 3344 provisa
1049 3265 1270 3328 Brutus
1298 3266 1606 3328 celeritate
1636 3268 1805 3329 navis
1845 3268 2049 3330 enisus
2081 3274 2191 3337 est,

270 3355 339 3410 ut
366 3367 546 3428 parvo
575 3354 877 3429 momento
907 3349 1306 3412 antecederet.
1375 3350 1515 3412 Illae
1545 3352 1694 3415 adeo
1735 3353 1996 3430 graviter
2032 3353 2195 3413 inter
2216 3359 2250 3410 6

274 3450 336 3492 se
377 3434 661 3496 incitatae
692 3432 1120 3504 conflixerunt,
1162 3441 1229 3495 ut
1255 3434 1775 3498 vehementissime
1815 3445 2070 3517 utraque
2122 3455 2197 3498 ex

274 3533 567 3579 concursu
618 3516 992 3588 laborarent,
1047 3517 1231 3579 altera
1271 3535 1413 3580 vero
1460 3522 1798 3600 praefracto
1837 3528 2035 3583 rostro
2074 3528 2196 3581 tota

275 3599 695 3664 collabefleret.
747 3600 874 3675 Qua
903 3621 970 3664 re
1003 3602 1431 3674 animadversa,
1464 3622 1616 3685 quae
1645 3606 1953 3688 proximae
1985 3605 2043 3667 ei
2063 3605 2195 3667 loco
2214 3612 2250 3664 o
