2750 4255
718 269 946 328 COMM.
973 262 1070 328 ΠΙ.
1116 270 1270 329 ΟΑΡ.
1299 272 1614 329 CVI—CX.
2003 269 2120 333 121

196 438 352 516 apud
381 436 734 517 Pompeium
765 445 903 499 sunt
932 437 1239 518 depositae
1267 470 1371 508 ——,
1419 439 1641 501 alterae
1683 440 1894 500 eodem
1925 460 2124 503 exem·

194 523 293 600 plo
324 522 569 583 relictae
601 529 778 601 atque
823 523 1171 599 obsignatae
1203 522 1596 584 Alexandriae
1639 524 2123 602 proferebantur.

158 644 162 648 »
319 605 542 667 cv1111.
610 606 697 667 De
738 606 835 667 his
872 607 1056 668 rebus
1098 625 1234 667 cum
1272 615 1554 684 ageretur
1596 609 1750 687 apud
1784 609 2114 680 Caesarem,
2141 619 2169 668 1

192 690 359 770 isque
401 692 661 750 maxime
706 691 884 751 vellet
938 709 1050 770 pro
1090 694 1389 751 communi
1442 694 1634 753 amico
1676 701 1851 771 atque
1896 692 2120 759 arbitro

191 776 631 835 controversias
662 792 871 852 regum
904 791 1294 851 componere,
1337 774 1537 836 subito
1578 779 1879 836 exercitus
1920 780 2124 854 regius

190 861 611 939 equitatusque
652 861 846 920 omnis
887 861 1091 920 venire
1119 859 1536 920 Alexandriam
1574 863 1904 921 nuntiatur.
1975 861 2118 922 Cae·
2143 871 2174 919 2

188 945 348 1004 saris
387 945 597 1022 copiae
638 960 1014 1023 nequaquam
1046 951 1217 1004 erant
1243 951 1474 1014 tantae,
1518 951 1586 1004 ut
1614 947 1704 1006 eis
1744 954 1910 1005 extra
1952 949 2122 1025 oppi-

189 1027 352 1097 dum,
386 1029 437 1088 si
469 1034 627 1087 esset
658 1028 1080 1096 dimicandum,
1113 1028 1460 1089 confideret.
1533 1026 2025 1108 Relinquebatur,
2058 1038 2125 1090 ut

186 1129 252 1172 se
286 1112 414 1172 suis
443 1111 592 1171 locis
621 1111 840 1190 oppido
867 1119 1104 1171 teneret
1140 1113 1578 1188 consiliumque
1609 1113 1870 1174 Achillae
1903 1132 2120 1190 cogno·

186 1202 406 1256 sceret.
466 1195 683 1256 Milites
724 1204 923 1257 tamen
963 1213 1171 1256 omnes
1198 1198 1263 1256 in
1294 1199 1479 1256 armis
1509 1214 1640 1256 esse
1682 1199 1857 1258 iussit
1885 1217 2119 1275 regem·
2142 1206 2174 1255 8

185 1298 305 1359 que
361 1280 636 1340 hortatus
675 1287 793 1349 est,
846 1287 913 1340 ut
952 1297 1026 1340 ex
1066 1283 1191 1340 suis
1232 1282 1618 1349 necessariis,
1673 1299 1822 1360 quos
1872 1281 2123 1342 haberet

182 1365 478 1425 maximae
531 1365 938 1434 auctoritatis,
991 1364 1217 1441 legatos
1271 1364 1343 1425 ad
1384 1363 1671 1425 Achillam
1723 1364 1990 1425 mitteret
2040 1373 2117 1435 et,

182 1448 335 1528 quid
365 1455 524 1508 esset
551 1466 694 1508 suae
724 1448 1063 1518 voluntatis,
1094 1449 1456 1510 ostenderet.
1519 1449 1565 1509 A
1598 1466 1716 1526 quo
1744 1451 1914 1509 missi
1947 1449 2115 1509 Dios·
2138 1457 2174 1506 4

180 1531 427 1593 corides
478 1539 540 1592 et
589 1532 909 1612 Serapion,
985 1535 1089 1609 qui
1152 1532 1327 1594 ambo
1380 1533 1560 1610 legati
1610 1531 1831 1593 Romae
1881 1534 2123 1595 fuerant

180 1633 585 1696 magnamque
618 1618 775 1697 apud
805 1625 1038 1696 patrem
1058 1617 1461 1677 Ptolemaeum
1485 1619 1901 1677 auctoritatem
1931 1617 2119 1678 habu-

179 1707 381 1770 erant,
416 1700 491 1762 ad
523 1700 812 1762 Achillam
842 1708 1265 1781 pervenerunt.
1338 1699 1500 1770 Quos
1540 1700 1668 1770 ille,
1715 1720 1851 1761 cum
1885 1704 1948 1761 in
1980 1721 2118 1762 con·
2141 1711 2174 1757 5

177 1792 465 1863 spectum
496 1786 625 1844 eius
653 1787 975 1854 venissent,
1006 1788 1355 1864 priusquam
1386 1785 1623 1845 audiret
1652 1792 1770 1854 aut,
1816 1787 1987 1845 cuius
2028 1789 2120 1846 rei

175 1885 368 1928 causa
408 1868 850 1933 missi-essent.
892 1876 1308 1944 cognosceret,
1365 1868 1588 1947 corripi
1643 1875 1819 1947 atque
1862 1869 2120 1929 interfici

173 1952 402 2020 iussit;
443 1967 699 2028 quorum
741 1950 889 2010 alter
929 1959 1174 2030 accepto
1201 1952 1447 2013 vulnere
1491 1959 1814 2031 occupatus
1841 1970 1950 2031 per
1979 1971 2121 2013 suos

169 2053 299 2116 pro
325 2034 524 2094 occiso
548 2032 836 2102 sublatus,
864 2034 1014 2094 alter
1042 2037 1398 2096 interfectus
1420 2043 1530 2097 est.
1573 2035 1702 2106 Quo
1722 2037 1897 2106 facto,
1913 2055 2116 2114 regem
2139 2047 2172 2094 6

169 2126 248 2181 ut
292 2119 362 2178 in
404 2137 507 2179 sua
559 2124 941 2197 potestestate
992 2117 1272 2189 haberet,
1320 2120 1538 2182 Caesar
1580 2122 1792 2191 efficit,
1845 2140 2119 2199 magnam

169 2203 424 2280 regium
456 2220 672 2263 nomen
704 2203 862 2282 apud
892 2221 1032 2264 suos
1054 2207 1469 2265 auctoritatem
1498 2204 1720 2266 habere
1751 2208 2117 2277 existimanS,

168 2296 239 2350 et
285 2292 361 2347 ut
400 2288 600 2365 potius
640 2289 871 2366 privato
912 2305 1240 2366 paucorum
1282 2295 1341 2348 et
1396 2287 1692 2351 latronum
1731 2309 1909 2369 quam
1950 2293 2118 2369 regio

168 2371 441 2435 consilio
471 2378 814 2449 susceptum
846 2371 1068 2433 bellum
1097 2373 1423 2433 videretur.

315 2453 438 2516 CX.
520 2454 703 2517 Erant
756 2473 890 2518 cum
940 2457 1165 2518 Achilla
1217 2457 1449 2537 copiae,
1503 2464 1572 2518 ut
1621 2476 1814 2537 neque
1864 2479 2116 2522 numero
2143 2470 2170 2517 1

162 2557 385 2621 neque
435 2556 656 2616 genere
709 2539 1014 2602 hominum
1052 2559 1246 2621 neque
1290 2560 1403 2602 usu
1452 2544 1545 2602 rei
1595 2544 1878 2604 militaris
1917 2553 2119 2605 conte-

160 2623 484 2689 mnendae
528 2624 894 2685 viderentur.
975 2626 1132 2687 Milia
1174 2629 1334 2687 enim
1372 2640 1474 2685 xx
1513 2628 1578 2687 in
1618 2630 1798 2688 armis
1839 2627 2173 2690 habebat.2

157 2713 351 2775 Haec
382 2706 736 2769 constabant
766 2728 839 2769 ex
869 2710 1217 2771 Gabinianis
1249 2709 1562 2779 militibus,
1595 2714 1700 2789 qui
1731 2714 1854 2771 iam
1884 2714 1946 2771 in
1977 2730 2118 2774 con-

158 2792 570 2858 suetudinem
615 2791 1043 2853 Alexandrinae
1082 2796 1237 2854 vitae
1281 2811 1350 2853 ac
1401 2793 1680 2853 licentiae
1723 2802 2010 2854 venerant
2061 2802 2122 2856 et

155 2895 408 2943 nomen
448 2875 943 2954 disciplinamque
985 2876 1190 2955 populi
1219 2876 1473 2936 Romani
1514 2876 1933 2937 dedidicerant
1972 2894 2119 2938 uxo·

154 2978 409 3043 resque
454 2960 777 3027 duxerant,
824 2979 898 3020 ex
938 2959 1157 3039 quihus
1203 2959 1480 3038 plerique
1526 2958 1750 3021 liberos
1787 2958 2116 3023 habebant.

151 3050 306 3111 Huc
368 3042 739 3105 accedebant
784 3041 1014 3105 collecti
1066 3062 1137 3103 ex
1193 3042 1600 3123 praedonibus
1657 3042 2165 3123 latronibusquea

153 3133 401 3213 Syriae
433 3128 796 3207 Ciliciaeque
836 3129 1183 3207 provinciae
1227 3128 1730 3207 finitimarumque
1771 3129 2118 3205 regionum;

149 3215 359 3279 multi
414 3218 727 3291 praeterea
770 3214 985 3295 capitis
1026 3213 1286 3273 damnati
1331 3211 1654 3289 exulesque
1694 3221 2117 3276 convenerant.

148 3299 485 3378 Fugitivis
525 3294 803 3357 omnibus
841 3295 1064 3357 nostris
1102 3305 1304 3356 certus
1346 3307 1477 3356 erat
1516 3295 1906 3356 Alexandriae
1943 3314 2112 3357 rece·
2133 3308 2169 3355 4

145 3394 317 3467 ptus
383 3387 665 3459 certaque
706 3383 862 3441 vitae
917 3380 1223 3448 condicio,
1274 3386 1343 3439 ut
1393 3380 1527 3441 dato
1577 3382 1817 3441 nomine
1860 3379 2118 3442 militum

147 3471 395 3531 essent
415 3481 700 3535 numero;
731 3467 783 3525 si
815 3467 949 3542 quis
974 3484 1006 3526 a
1031 3465 1271 3526 domino
1301 3463 1800 3543 prehenderetur,
1825 3481 2119 3526 consensu

146 3554 448 3615 militum
473 3547 861 3630 eripiebatur,
894 3552 997 3629 qui
1019 3551 1140 3610 vim
1161 3567 1425 3620 suorum,
1451 3548 1608 3629 quod
1639 3550 1706 3609 in
1735 3547 1917 3609 simili
1947 3549 2122 3631 culpa

2338 3811 2569 4070 f
