2750 4255
249 3771 564 4154 X

669 312 758 380 98
1324 319 1421 374 ΒΕ
1464 319 1693 375 BELLO
1741 319 1860 375 CIV
1861 319 1960 374 lm

673 487 735 546 in
794 485 1050 546 circuitu
1107 483 1528 566 [munitiones]
1596 499 1749 546 xvn
1801 493 1931 547 erat
1979 485 2354 567 complexus,
2418 486 2557 567 peril·

621 580 659 627 4
681 570 880 631 ciendi
928 573 1183 649 spatium
1214 589 1333 631 non
1365 570 1562 631 dabat.
1630 570 1836 650 ltaque
1867 578 2071 632 contra
2102 590 2268 632 mare
2297 580 2560 633 transver-

676 672 806 715 sum
837 655 1074 724 vallum,
1118 658 1220 734 qui
1264 655 1371 716 has
1413 655 1559 715 duas
1590 656 1955 717 munitiones
1996 658 2409 735 coniungeret,
2447 672 2562 716 non-

620 748 654 797 5
679 740 820 800 dum
850 741 1216 819 perfecerat.
1265 738 1428 809 Quae
1458 758 1558 800 res
1587 748 1727 801 nota
1757 747 1886 800 erat
1913 738 2219 820 Pompeio,
2264 740 2453 801 delata
2480 755 2563 818 per

673 823 1022 901 Allobrogas
1051 825 1354 903 perfugas,
1384 841 1781 904 magnumque
1812 825 2032 885 nostris
2062 825 2346 885 attulerat
2373 827 2565 885 incom-

622 918 655 966 6
678 908 937 969 modum.
999 907 1147 968 Nam
1179 916 1243 968 ut
1272 907 1345 967 ad
1389 926 1551 968 mare
1583 921 1637 968 11
1676 909 1953 969 cohortes
1981 927 2168 969 nonae
2209 909 2462 987 legionis
2486 926 2565 968 ex·

674 992 1025 1060 cubuerant,
1059 1009 1362 1052 accessere
1395 992 1593 1052 subito
1622 995 1816 1072 prima
1848 992 1980 1053 luce
2010 992 2361 1073 Pompeiani
2397 991 2576 1074 [exer-

675 1073 1440 1176 &ammius—estitit&
1473 1078 1646 1138 simul
1680 1076 1928 1137 navibus
1959 1079 2351 1138 circumvecti
2383 1077 2567 1138 milites

675 1163 737 1221 in
786 1162 1143 1220 exteriorem
1194 1161 1411 1221 vallum
1460 1161 1577 1221 tela
1631 1161 1959 1231 iaciebant,
2015 1162 2330 1241 fossaeque
2383 1178 2567 1239 aggere

676 1243 1154 1321 complebantur,
1200 1252 1261 1305 et
1303 1245 1617 1322 legionarii
1657 1245 1964 1306 interioris
2008 1248 2363 1307 munitionis
2393 1247 2566 1306 defen·

675 1347 843 1391 sores
886 1330 1060 1392 scalis
1101 1329 1355 1390 admotis
1396 1332 1712 1389 tormentis
1753 1333 2040 1409 cuiusque
2070 1333 2314 1407 generis
2343 1331 2565 1409 telisque

672 1413 1015 1484 terrebant,
1055 1431 1384 1493 magnaque
1414 1413 1732 1474 multitudo
1763 1416 2206 1491 sagittariorum
2237 1415 2313 1475 ab
2345 1423 2567 1493 utraque

618 1505 650 1555 7
674 1506 845 1579 parte
876 1496 1491 1559 circumfundebatur.
1552 1497 1798 1559 Multum
1821 1508 2016 1559 autem
2049 1497 2123 1559 ab
2153 1500 2278 1560 ictu
2312 1499 2563 1579 lapidum,

672 1582 830 1662 quod
860 1600 1044 1642 unum
1073 1585 1295 1642 nostris
1325 1579 1457 1642 erat
1493 1582 1707 1653 telum,
1750 1585 2006 1643 viminea
2046 1585 2375 1660 tegimenta
2414 1582 2564 1661 galeis

618 1666 934 1745 sinposita
964 1664 1388 1726 defendebant.
1456 1665 1660 1746 ltaque
1701 1685 1835 1727 cum
1877 1666 2154 1727 omnibus
2192 1667 2380 1729 rebus
2407 1666 2562 1728 nostri

671 1757 1091 1831 premerentur
1132 1756 1307 1829 atque
1349 1766 1526 1826 aegre
1568 1751 1947 1819 resisterent,
1993 1752 2466 1814 animadversum
2496 1756 2565 1809 est

670 1834 880 1895 vitium
910 1836 1292 1904 munitioniS,
1334 1834 1491 1913 quod
1537 1853 1715 1914 supra
1747 1835 2215 1897 demonstratum
2251 1844 2377 1907 est,
2420 1843 2564 1913 atque
2632 1838 2633 1843 ’

672 1923 835 1981 inter
865 1919 1015 1981 duos
1041 1919 1242 1988 vallos,
1275 1937 1391 1998 qua
1421 1920 1754 1998 perfectum
1785 1938 1934 2000 opus
1965 1939 2082 1980 non
2110 1928 2260 1990 erat,
2293 1939 2404 2001 per
2431 1933 2563 1980 mare

675 2003 955 2087 [navibus
980 2001 1262 2083 expositi]
1298 2006 1362 2063 in
1385 2022 1620 2064 aversos
1643 2010 1880 2064 nostros
1899 2006 2185 2083 impetum
2209 2006 2481 2066 fecerunt
2498 2009 2565 2062 at·

672 2105 869 2170 queex
892 2096 1139 2169 utraque
1164 2089 1496 2149 munitione
1523 2088 1788 2149 deiectos
1810 2095 1978 2167 terga
1992 2095 2223 2151 vertere
2245 2093 2563 2169 coegerunt.

617 2183 648 2233 1
797 2173 1029 2235 LXIIII.
1103 2173 1229 2233 Hoc
1268 2172 1523 2233 tumultu
1567 2175 1834 2233 nuntiato
1875 2173 2254 2235 Marcellinus
2284 2220 2301 2235 .
2338 2221 2354 2236 .
2385 2174 2565 2235 cohor·

667 2271 761 2321 tes
784 2258 1052 2320 subsidio
1075 2257 1293 2319 nostris
1321 2257 1733 2318 laborantibus
1755 2257 2050 2318 submittit
2070 2276 2143 2319 ex
2164 2261 2411 2330 castris:
2440 2271 2567 2338 quae

671 2346 973 2420 fugientes
1003 2345 1378 2421 conspicatae
1409 2361 1603 2421 neque
1648 2342 1783 2403 illos
1812 2357 1919 2403 suo
1951 2342 2203 2403 adventu
2235 2346 2566 2405 confirmare

613 2435 648 2483 2
671 2433 996 2506 potuerunt
1024 2444 1218 2504 neque
1251 2427 1416 2503 ipsae
1446 2427 1707 2487 hostium
1737 2428 2026 2505 impetum
2054 2426 2343 2492 tulerunt.
2388 2427 2567 2504 Itaque

670 2509 1083 2590 quodcumque
1124 2508 1454 2586 addebatur
1504 2509 1802 2579 subsidio,
1854 2511 1912 2570 id
1968 2519 2319 2591 corruptum
2377 2515 2567 2573 timore

669 2595 1027 2671 fugientium
1051 2600 1343 2654 terrorem
1359 2600 1421 2653 et
1441 2594 1769 2672 periculum
1795 2594 2078 2672 augebat:
2109 2596 2419 2657 hominum
2431 2596 2569 2656 enim

617 2687 650 2736 8
673 2677 1054 2740 multitudine
1098 2683 1374 2757 receptus
1412 2678 1866 2755 impediebatur.
1944 2679 2013 2740 In
2066 2698 2137 2740 eo
2186 2680 2416 2759 proelio
2454 2693 2567 2739 cum

670 2764 834 2841 gravi
865 2762 1107 2823 vulnere
1140 2769 1296 2825 esset
1337 2762 1584 2823 affectus
1614 2764 1893 2842 aquilifer
1933 2772 1991 2824 et
2030 2765 2147 2824 iam
2186 2762 2421 2826 viribus
2448 2761 2568 2823 defi·

669 2855 928 2919 ceretur,
962 2849 1338 2928 conspicatus
1369 2848 1602 2927 equites
1647 2854 1911 2918 nostroS,
1953 2843 2150 2910 Hanc
2191 2864 2330 2928 eqo,
2374 2848 2565 2927 inquit,

667 2933 727 2995 et
749 2930 929 2996 vivus
956 2930 1181 2995 multos
1208 2950 1329 3013 per
1357 2948 1563 2994 annos
1601 2948 1841 3011 mayna
1880 2895 2208 3011 diliyentia
2247 2928 2493 3011 defendi
2523 2927 2568 2989 et

666 3034 838 3080 nunc
864 3015 1136 3079 moriens
1162 3015 1375 3080 eadem
1403 3015 1528 3097 fide
1559 3012 1823 3079 Caesari
1848 3015 2121 3078 restituo.
2168 3011 2398 3093 Nolite,
2423 3012 2567 3078 obso-

668 3118 771 3164 cro
784 3147 800 3177 ,
843 3100 1243 3177 committere,
1289 3100 1457 3181 quod
1496 3101 1642 3162 ante
1689 3099 1763 3161 in
1812 3099 2083 3163 exercitu
2125 3097 2422 3164 Caesaris
2457 3111 2568 3160 non

668 3183 910 3262 accidit,
939 3183 1132 3248 atrei
1159 3183 1462 3247 militaris
1482 3182 1739 3247 dedecus
1761 3183 2153 3262 admittatur,
2183 3183 2565 3248 incolumem-

613 3279 650 3327 4
669 3288 786 3350 que
815 3269 903 3332 ad
928 3287 1069 3332 eum
1098 3266 1339 3347 deferte.
1413 3270 1539 3330 Hoc
1569 3287 1709 3330 casu
1742 3270 1937 3348 aquila
1979 3279 2367 3344 conservatur
2397 3268 2567 3331 omni·

668 3353 781 3414 bus
839 3357 1065 3433 primae
1119 3355 1383 3415 cohortis
1441 3352 1895 3415 centurionibus
1950 3355 2291 3415 interfectis
2347 3358 2567 3434 praeter

671 3439 1010 3516 principem
1040 3440 1326 3517 priorem.

615 3530 646 3579 1
795 3519 967 3582 LXV.
1048 3521 1289 3600 Iamque
1342 3523 1690 3603 Pompeiani
1749 3540 1960 3602 magna
2011 3521 2192 3583 caede
2244 3530 2565 3584 nostrorum

668 3606 881 3665 castris
910 3604 1237 3667 Marcellini
1278 3606 1838 3688 adpropinquabant
1876 3624 1995 3669 non
2025 3606 2318 3672 mediocri
2350 3613 2565 3668 terrore
