2750 4255
549 333 590 399 8
1207 340 1303 396 DE
1331 339 1566 397 BELLO
1599 340 1717 397 CIV
1719 341 1817 396 1121

550 507 615 567 in
643 508 864 569 itlnere
896 504 972 568 ab
1003 520 1074 566 eo
1104 506 1421 568 discedunt
1462 524 1532 567 ac
1562 507 1801 568 domum
1829 513 2235 568 revertuntur.
2292 506 2494 569 Curio

500 597 531 647 8
554 609 783 653 summa
812 591 1077 651 omnium
1106 590 1406 651 voluntate
1435 590 1706 668 Iguvium
1735 592 1972 671 recipit.
2031 589 2265 661 Quibus
2290 589 2492 651 rebus

552 676 811 752 cognitis
839 674 1098 735 confisus
1118 676 1582 754 municipiorum
1603 674 2004 736 voluntatibus
2023 676 2240 737 Caesar
2259 674 2485 735 cohor-

549 765 643 819 tes
670 758 926 837 legionis
953 771 1108 819 xm.
1139 776 1213 819 ex
1253 758 1568 838 praesidiis
1597 758 1841 821 deducit
1869 759 2301 839 Auximumque
2329 776 2483 839 pro·

549 843 869 913 ficiscitur;
927 842 1086 922 quod
1137 843 1422 922 oppidum
1471 843 1667 904 Attius
1718 843 2066 905 cohortibus
2115 843 2482 904 introductis

548 926 811 1071 tenebati)
833 926 1246 1071 ‹lbelectumque
1285 934 1412 987 toto
1452 927 1674 988 Piceno
1716 930 2148 990 circummissis
2181 926 2477 989 senatori·

551 1010 663 1072 bus
692 1012 768 1071 ha
813 1029 847 1070 e
892 1017 975 1071 at.
1028 1008 1036 1019 '

504 1109 527 1151 1
679 1094 838 1156 xm.
884 1095 1161 1156 Adventu
1183 1095 1456 1157 Caesaris
1486 1097 1725 1174 cognito
1747 1096 2100 1158 decuriones
2129 1098 2364 1158 Auximi
2394 1096 2476 1157 ad

549 1181 778 1240 Attium
804 1178 1026 1239 Varum
1053 1180 1400 1258 trequentes
1431 1180 1817 1251 conveniunt;
1855 1180 2069 1243 docent
2084 1226 2102 1251 ,
2134 1183 2225 1242 sui
2257 1181 2478 1241 iudicii

549 1281 681 1325 rem
720 1281 838 1324 non
878 1281 1043 1334 esse:
1094 1282 1290 1343 neque
1332 1282 1398 1325 se
1436 1282 1631 1344 neque
1672 1265 1935 1345 reliquos
1970 1266 2305 1344 municipes
2343 1266 2474 1343 pati

549 1366 724 1428 posse
756 1346 819 1408 C.
853 1347 1164 1409 Caesarem
1191 1350 1639 1427 imperatorem,
1671 1348 1825 1408 bene
1855 1350 1929 1409 de
1949 1348 2258 1429 republica
2285 1350 2476 1409 meri-

548 1439 706 1502 tum,
748 1433 931 1493 tantis
958 1430 1145 1493 rebus
1182 1434 1368 1510 gestis
1397 1432 1617 1510 oppido
1659 1433 2089 1512 moenibusque
2127 1432 2472 1513 prohiberi:

494 1522 528 1572 2
548 1516 799 1596 proinde
821 1515 1041 1577 habeat
1065 1518 1360 1577 rationem
1389 1517 1758 1595 posteritatis
1781 1524 1841 1576 et
1864 1517 2119 1595 periculi
2150 1519 2267 1578 sui.
2308 1514 2472 1586 Quo·

551 1618 687 1660 rum
728 1601 995 1661 oratione
1047 1607 1355 1679 permotus
1394 1599 1582 1660 Varus
1631 1599 2026 1678 praesidium,
2080 1601 2238 1679 quod
2279 1603 2472 1660 intro-

496 1690 529 1739 8
553 1685 828 1754 duxerat,
873 1703 948 1745 ex
993 1684 1210 1764 oppido
1249 1683 1453 1744 educit
1490 1700 1558 1743 ac
1595 1682 1881 1761 profugit.
1953 1683 2124 1745 Hunc
2159 1701 2232 1744 ex
2272 1686 2472 1763 primo

547 1768 758 1831 ordine
798 1771 975 1847 pauci
1004 1768 1276 1829 Caesaris
1304 1769 1610 1827 consecuti
1644 1766 1868 1830 milites
1896 1770 2225 1829 consistere
2255 1773 2469 1845 coege-

493 1857 534 1908 4
550 1859 709 1914 runt.
769 1852 1096 1914 Commisso
1124 1851 1356 1929 proelio
1386 1850 1686 1912 deseritur
1715 1870 1748 1911 a
1780 1854 1904 1913 suis
1933 1850 2152 1922 Varus;
2183 1851 2467 1913 nonnulla

545 1956 688 2017 pars
713 1935 972 1997 militum
1013 1934 1252 1996 domum
1284 1934 1569 2005 discedit:
1611 1935 1829 2016 reliqui
1871 1937 1945 1998 ad
1976 1936 2291 1998 Caesarem
2327 1955 2466 2016 per·

547 2023 822 2091 veniunt,
866 2026 1043 2100 atque
1085 2036 1200 2079 una
1231 2037 1366 2080 cum
1406 2021 1485 2080 iis
1515 2019 1846 2099 deprensus
1883 2020 1952 2082 L.
1984 2020 2237 2100 Pupius,
2281 2022 2465 2100 primi

547 2106 657 2187 pili
698 2105 1002 2174 centurio,
1056 2101 1403 2175 adducitur,
1457 2105 1560 2184 qui
1599 2105 1757 2166 hunc
1798 2105 2054 2167 eundem
2092 2105 2361 2167 ordinem
2400 2107 2465 2166 in

492 2195 527 2245 5
549 2192 818 2251 exercitu
868 2187 1250 2267 Cn.·Pompei
1300 2195 1471 2249 antea
1515 2189 1783 2250 duxerat.
1862 2190 1937 2251 At
1977 2190 2196 2251 Caesar
2243 2190 2465 2251 milites

547 2274 818 2335 Attianos
858 2271 1201 2342 conlaudat,
1251 2272 1510 2351 Pupium
1546 2272 1827 2344 dimittit,
1881 2274 2295 2335 Auximatibus
2343 2275 2467 2352 agit

547 2359 771 2436 gratias
801 2373 982 2437 seque
1014 2374 1222 2417 eorum
1249 2358 1397 2417 facti
1425 2374 1751 2418 memorem
1778 2358 1909 2419 fore
1938 2357 2274 2437 pollicetur.

496 2448 524 2497 1
674 2439 860 2502 XIIII.
919 2437 1150 2509 Quibus
1176 2439 1360 2501 rebus
1380 2440 1629 2503 Romam
1657 2442 1963 2511 nuntiatis,
1996 2448 2195 2503 tantus
2215 2449 2463 2522 repente

545 2532 743 2586 terror
785 2526 1034 2595 invasit,
1079 2530 1174 2595 ut,
1217 2542 1354 2585 cum
1385 2523 1674 2586 Lentulus
1714 2524 1919 2586 consul
1960 2526 2034 2586 ad
2077 2526 2464 2606 aperiendum

543 2611 841 2670 aerarium
879 2610 1139 2669 venisset
1177 2608 1251 2669 ad
1290 2610 1608 2687 pecuniam
1646 2610 1931 2689 Pompeio
1973 2628 2046 2670 ex
2080 2618 2463 2671 senatuscon-

544 2693 698 2754 sulto
730 2692 1181 2773 proferendam,
1222 2695 1498 2772 protinus
1538 2702 1746 2773 aperto
1788 2695 2084 2755 sanctiore
2125 2694 2360 2755 aerario
2389 2711 2460 2753 ex

542 2777 693 2839 urbe
723 2778 1089 2857 profugeret.
1167 2777 1386 2838 Caesar
1424 2779 1583 2838 enim
1616 2779 1933 2839 adventare
1973 2780 2095 2839 iam
2133 2781 2368 2858 iamque
2401 2784 2463 2838 et

489 2868 520 2916 2
544 2863 753 2923 adesse
795 2862 926 2923 eius
967 2863 1203 2940 equites
1241 2860 1390 2921 falso
1430 2861 1882 2923 nuntiabantur.
1952 2861 2124 2924 Hunc
2151 2860 2463 2923 Marcellus

487 2952 520 3002 3
544 2946 767 3024 collega
797 2951 858 3006 et
885 2943 1158 3025 plerique
1187 2947 1570 3022 magistratus
1599 2946 1905 3007 consecuti
1935 2953 2091 3008 sunt.
2154 2946 2259 3008 Cn.
2289 2945 2460 3005 Pom·

541 3032 714 3109 peius
753 3027 950 3109 pridie
982 3032 1113 3091 eius
1141 3029 1263 3091 diei
1299 3047 1371 3090 ex
1402 3029 1553 3090 urbe
1582 3032 1887 3109 profectus
1925 3031 2045 3092 iter
2083 3030 2157 3090 ad
2196 3030 2461 3106 legiones

541 3112 829 3184 habebat,
874 3132 1021 3194 quas
1062 3132 1096 3174 a
1125 3114 1377 3176 Caesare
1418 3122 1691 3194 acceptas
1730 3116 1793 3176 in
1821 3113 2033 3193 Apulia
2071 3111 2458 3174 hibernorum

489 3205 524 3254 4
546 3216 722 3259 causa
751 3197 1146 3277 disposuerat.
1219 3197 1498 3259 Delectus
1525 3200 1685 3259 circa
1717 3197 1928 3259 urbem
1954 3198 2458 3267 intermittuntur3

540 3281 691 3344 nihil
722 3283 876 3343 citra
905 3282 1164 3361 Capuam
1203 3288 1399 3344 tutum
1429 3300 1562 3343 esse
1594 3282 1872 3345 omnibus
1912 3279 2168 3341 videtur.
2228 3281 2458 3360 Capuae

539 3366 801 3446 primum
843 3384 976 3427 sese
1016 3368 1367 3428 confirmant
1420 3373 1482 3427 et
1529 3366 1814 3444 colligunt
1852 3364 2263 3444 delectumque
2304 3363 2458 3425 colo-

539 3468 780 3522 norum,
826 3452 928 3528 qui
957 3451 1088 3529 lege
1119 3450 1267 3512 Iulia
1298 3451 1558 3530 Capuam
1601 3449 1840 3511 deducti
1871 3457 2069 3518 erant,
2111 3447 2338 3509 habere
2367 3450 2458 3509 in-

539 3536 824 3606 stituunt;
856 3535 1354 3614 gladiatoresque,
1388 3552 1539 3614 quos
1566 3532 1655 3593 ibi
1678 3533 1895 3595 Caesar
1926 3534 1989 3592 in
2019 3530 2159 3593 ludo
2179 3530 2456 3600 habebat,

539 3619 613 3681 ad
645 3621 843 3682 forum
882 3619 1207 3700 productos
1235 3618 1523 3681 Lentulus
1550 3633 1657 3698 spe
1689 3615 1991 3678 libertatis
2031 3618 2343 3678 confirmat
2374 3623 2458 3676 at·
