2750 4255
811 304 1038 363 COMM.
1066 308 1138 364 H.
1181 307 1336 365 CAP.
1363 309 1615 368 VI—X.
2091 308 2176 375 47

234 473 425 556 paulo
455 473 758 551 longiores
788 480 965 554 atque
997 476 1445 546 eminentiores,
1486 494 1665 556 quam
1695 479 1948 539 extremi
1970 482 2176 559 parie-

236 568 340 619 tes
370 567 560 628 erant,
594 558 938 628 effecerunt,
972 569 1040 619 ut
1069 569 1245 628 esset,
1270 559 1377 621 ubi
1406 563 1733 638 tegimenta
1761 565 2173 641 praependere

234 651 492 725 possent
531 643 604 702 ad
648 641 1054 703 defendendos
1097 645 1253 704 ictus
1283 662 1352 705 ac
1394 645 1796 723 repellendoS,
1839 659 1976 707 cum
2013 650 2173 710 inter

236 748 375 790 eam
411 729 916 804 contignationem
945 730 1210 806 parietes
1251 736 1701 801 extruerentur3
1741 747 1993 810 eamque
2030 750 2169 793 con·
2190 740 2227 792 4

233 813 673 874 tabulationem
721 830 1013 872 summam
1065 812 1357 875 lateribus
1406 813 1647 894 lutoque
1699 822 2170 888 constraverunt,

234 917 320 960 ne
352 898 498 978 quid
533 898 691 974 ignis
718 895 979 957 hostium
1001 913 1220 957 nocere
1250 905 1470 975 posset,
1493 905 1894 979 centonesque
1924 902 2172 980 insuper

236 985 616 1049 iniecerunt,
661 998 736 1040 ne
779 988 880 1040 aut
920 980 1035 1042 tela
1078 984 1394 1043 tormentis
1431 983 1696 1044 immissa
1745 983 2173 1046 tabulationem

238 1068 693 1147 perfringerent
712 1075 815 1126 aut
834 1082 974 1126 saxa
999 1083 1071 1126 ex
1095 1066 1409 1145 catapultis
1430 1065 2167 1134 latericiumdiscuterent.

242 1152 479 1212 Storias
509 1160 705 1210 autem
736 1165 808 1210 ex
837 1149 1083 1210 funibus
1113 1153 1446 1211 ancorariis
1477 1158 1599 1213 tres
1642 1154 1707 1213 in
1736 1152 2168 1231 longitudinem
2188 1160 2222 1211 ὅ

240 1239 545 1317 parietum
574 1236 761 1308 turris
791 1234 942 1295 latas
969 1247 1079 1295 1111
1109 1235 1292 1313 pedes
1321 1236 1597 1296 fecerunt
1625 1245 1842 1316 easque
1873 1256 1944 1298 ex
1972 1238 2171 1300 trihus

241 1320 539 1401 partibus,
571 1337 722 1398 quae
753 1319 825 1378 ad
857 1319 1059 1380 hostes
1087 1318 1432 1398 vergebant,
1464 1320 1867 1383 eminentibus
1893 1321 2170 1383 trabibus

239 1408 475 1465 circum
515 1406 733 1463 turrim
774 1405 1251 1482 praependentes
1268 1403 1721 1482 'religaverunn
1769 1405 1931 1486 >quod
1982 1421 2169 1466 unum

236 1508 436 1569 genus
466 1489 773 1565 tegimenti
806 1487 940 1549 aliis
967 1489 1115 1549 locis
1146 1495 1318 1549 erant
1360 1491 1593 1568 experti
1621 1489 1783 1550 nullo
1822 1489 1944 1551 telo
1972 1505 2167 1569 neque

235 1584 543 1636 tormento
574 1574 741 1632 traici
770 1591 967 1651 posse.
1026 1573 1142 1635 Ubi
1171 1592 1313 1635 vero
1338 1591 1413 1635 ea
1442 1592 1583 1653 pars
1614 1576 1818 1645 turriS,
1847 1592 2007 1654 ‘quae
2027 1581 2220 1636 ‘erate

238 1661 543 1740 perfecta,
595 1667 750 1717 tecta
791 1666 968 1737 atque
1008 1661 1235 1720 munita
1273 1666 1366 1720 est
1407 1658 1480 1719 ab
1522 1661 1683 1719 omni
1722 1661 1847 1720 ictu
1885 1659 2165 1730 hostium,

233 1744 481 1825 pluteos
521 1742 592 1802 ad
635 1742 748 1801 alia
791 1760 972 1821 opera
1013 1743 1423 1814 abduxerunt;
1463 1746 1649 1804 turris
1688 1750 1913 1804 tectum
1951 1762 2062 1823 per
2103 1760 2169 1804 se

234 1832 442 1908 ipsum
498 1826 904 1905 pressionibus
944 1845 1018 1886 ex
1068 1829 1512 1905 contignatione
1562 1830 1758 1906 prima
1801 1829 2166 1906 suspendere

237 1932 315 1974 ac
348 1912 554 1970 tollere
585 1917 932 1987 coeperunt.
1005 1910 1151 1981 Ubi,
1195 1919 1482 1990 quantum
1521 1913 1844 1971 storiarum
1889 1912 2163 1971 demissio
2186 1917 2219 1968 ‘1

236 1995 616 2078 patiebatur,
657 2002 885 2052 tantum
927 1993 1247 2068 elevarant,
1306 1997 1466 2053 intra
1504 1993 1652 2054 haec
1693 1997 2017 2072 tegimenta
2061 1993 2167 2055 ab·

237 2084 355 2144 diti
390 2089 566 2158 atque
597 2078 809 2137 muniti
849 2078 1112 2156 parietes
1138 2077 1427 2139 lateribus
1457 2076 1813 2140 extruebant
1839 2095 2168 2159 rursusque

236 2167 359 2229 alia
404 2167 713 2244 pressione
756 2162 827 2222 ad
875 2161 1304 2231 aedificandum
1349 2161 1469 2223 sibi
1510 2162 1706 2222 locum
1748 2161 2163 2242 expediebant.

236 2251 362 2314 Ubi
395 2260 631 2327 tempus
661 2247 904 2308 alterius
934 2246 1431 2308 contabulationis
1458 2245 1790 2319 videbatur,
1821 2251 1987 2326 tigna
2013 2250 2162 2309 ‘item
2183 2254 2218 2305 8

235 2345 311 2397 ut
352 2337 546 2413 primo
587 2342 743 2393 tecta
788 2334 1069 2393 extremis
1113 2332 1400 2395 lateribus
1440 2331 1816 2393 instruebant
1867 2350 2056 2412 exque
2097 2351 2166 2393 ea

237 2421 688 2497 contignatione
712 2435 922 2478 rursus
951 2434 1238 2477 summam
1269 2415 1810 2478 contabulationem
1832 2419 2164 2497 storiasque

238 2504 576 2568 elevabant.
648 2501 729 2562 Ita
772 2512 900 2562 tuto
942 2520 1011 2562 ac
1052 2503 1182 2562 sine
1222 2502 1341 2563 ullo
1381 2502 1626 2564 vulnere
1656 2520 1725 2562 ac
1757 2501 2028 2582 periculo
2058 2521 2162 2563 sex
2182 2500 2237 2578 9ss

234 2589 505 2652 tabulata
542 2597 931 2648 extruxerunt
961 2587 1399 2666 fenestrasque,
1441 2586 1662 2667 quibus
1702 2587 1766 2647 in
1798 2587 1947 2647 locis
1976 2588 2164 2648 visum

236 2682 365 2744 est,
399 2674 470 2734 ad
503 2681 797 2732 tormenta
827 2671 1113 2732 mittenda
1142 2673 1205 2732 in
1235 2673 1520 2734 struendo
1547 2672 1938 2750 reliquerunt.

369 2756 440 2817 X.
502 2756 618 2817 Ubi
663 2774 735 2816 ex
765 2774 833 2817 ea
866 2759 1049 2826 turri,
1094 2774 1245 2835 quae
1276 2759 1504 2817 circum
1536 2764 1734 2817 essent
1772 2773 1973 2836 opera,
2006 2759 2162 2817 tueri
2187 2761 2216 2812 1

238 2863 310 2907 se
340 2859 517 2920 posse
548 2841 754 2902 confisi
785 2849 941 2910 sunt,
972 2840 1304 2900 musculum
1336 2841 1521 2920 pedes
1546 2853 1641 2899 Lx
1670 2841 1911 2918 longum
1941 2857 2014 2900 ex
2041 2858 2164 2901 ma·

237 2928 398 2991 teria
429 2923 720 3002 bipedali,
762 2942 939 3003 quem
971 2943 1004 2984 a
1044 2926 1199 2983 turri
1241 2925 1512 2984 latericia
1543 2923 1618 2983 ad
1659 2923 1919 2985 hostium
1947 2926 2165 2986 turrim

243 3026 603 3087 murumque
646 3008 1073 3086 perducerent,
1116 3007 1316 3067 facere
1358 3009 1781 3078 instituerunt;
1823 3008 1995 3067 cuius
2034 3025 2164 3068 mu-

240 3096 393 3159 sculi
424 3095 573 3153 haec
605 3100 732 3152 erat
760 3093 969 3151 forma.
1029 3091 1192 3152 Duae
1222 3092 1483 3170 primum
1512 3090 1800 3158 trabesin
1821 3090 1946 3152 solo
1977 3109 2162 3171 aeque
2182 3095 2217 3145 2

239 3183 452 3258 longae
484 3179 773 3239 distantes
798 3179 964 3237 inter
993 3194 1056 3236 se
1098 3176 1282 3254 pedes
1310 3188 1423 3236 1111
1451 3175 1814 3237 collocantur
1852 3177 2034 3256 inque
2075 3178 2165 3237 eis

242 3264 588 3328 columellae
630 3262 849 3342 pedum
880 3265 941 3322 in
974 3261 1347 3322 altitudinem
1367 3274 1416 3322 v
1449 3260 1803 3340 defiguntur.
1855 3259 1975 3322 Has
2000 3262 2163 3321 inter
2183 3264 2217 3314 8

243 3369 308 3411 se
350 3346 644 3431 capreolis
683 3347 845 3407 molli
889 3347 1128 3424 fastigio
1171 3348 1567 3424 coniungunt,
1619 3344 1725 3407 ubi
1767 3347 1959 3424 tigna,
2012 3363 2164 3425 quae

243 3436 496 3496 musculi
546 3433 784 3512 tegendi
835 3449 1011 3492 causa
1060 3439 1312 3510 ponant,
1372 3431 1757 3492 collocentur.
1844 3429 1931 3491 Eo
1975 3448 2165 3510 super

245 3521 406 3596 tigna
449 3519 746 3598 bipedalia
788 3517 1044 3577 iniciunt
1073 3533 1260 3595 eaque
1291 3515 1528 3576 laminis
1558 3515 1857 3595 clavisque
1887 3517 2161 3594 religant.

243 3601 330 3663 Ad
370 3613 697 3665 extremum
741 3601 994 3665 musculi
1047 3607 1273 3662 tectum
1324 3596 1642 3683 trabesque
1684 3609 1980 3663 extremas
2021 3618 2161 3682 qua·
2184 3605 2220 3656 4
