2750 4255
673 319 902 376 COMM.
930 320 1027 377 ΠΙ.
1071 319 1228 376 CAP.
1256 320 1731 377 LVIm—Lxm.
2057 314 2141 381 97

172 488 367 570 apud
402 487 716 548 Caesarem
759 486 1030 557 fuerant,
1074 486 1348 566 quodque
1381 505 1598 548 novum
1632 495 1691 548 et
1729 495 1970 566 praeter
1999 506 2141 550 con-

175 571 595 634 suetudinem
635 570 967 641 acciderat‚
1011 573 1210 631 omnia
1253 590 1357 633 sua
1399 571 1700 650 praesidia
1741 571 2144 634 circumduxit

175 665 393 737 atque
436 656 778 717 ostentavit.
848 655 998 717 Nam
1042 661 1178 715 ante
1216 655 1278 715 id
1327 663 1566 734 tempus
1605 673 1780 717 nemo
1821 663 1925 717 aut
1964 656 2139 718 miles
2159 666 2194 716 2

178 750 301 804 aut
338 757 532 820 eques
560 757 594 799 a
625 739 880 800 Caesare
912 738 985 800 ad
1014 739 1363 818 Pompeium
1395 742 1743 810 transierat,
1787 758 1923 801 cum
1950 759 2142 820 paene

177 825 436 886 cotidie
478 843 512 885 a
540 823 831 904 Pompeio
870 823 943 884 ad
974 823 1291 885 Caesarem
1333 825 1752 904 perfugerent,
1796 824 1971 902 vulgo
1998 843 2141 886 vero

175 911 482 971 universi
512 909 577 969 in
604 908 796 988 Epiro
827 916 1002 987 atque
1033 908 1258 968 Aetolia
1295 911 1623 988 conscripti
1654 909 1876 970 milites
1905 927 2139 970 earum-

179 1013 318 1074 que
354 994 675 1071 regionum
704 995 1000 1063 omnium,
1042 1010 1193 1071 quae
1225 1012 1257 1053 a
1286 993 1540 1054 Caesare
1570 992 1950 1055 tenebantur.
2020 993 2138 1055 Sed
2159 1001 2194 1052 3

179 1079 254 1140 hi
291 1079 573 1156 cognitis
601 1077 879 1139 omnibus
909 1074 1111 1147 rebuS‚
1145 1094 1251 1137 seu
1279 1076 1424 1156 quid
1455 1077 1516 1138 in
1539 1077 1973 1139 munitionibus
2002 1097 2140 1158 per-

182 1165 439 1224 fectum
467 1179 590 1224 non
622 1170 768 1232 erat,
805 1179 913 1222 seu
945 1160 1087 1241 quid
1119 1179 1152 1222 a
1181 1161 1578 1240 peritioribus
1605 1163 1696 1222 rei
1727 1163 2008 1224 militaris
2037 1163 2141 1224 de·

182 1247 476 1308 siderari
503 1247 838 1316 videbatur,
870 1244 1362 1325 temporibusque
1393 1264 1601 1307 rerum
1632 1253 1694 1306 et
1724 1249 1938 1326 spatiis
1979 1247 2140 1308 loco·

184 1350 341 1393 rum
387 1338 451 1392 et
491 1331 896 1393 custodiarum
925 1331 1087 1391 varia
1129 1330 1440 1408 diligentia
1481 1330 1919 1401 animadversa,
1962 1339 2142 1410 prout

187 1418 504 1496 cuiusque
535 1434 772 1486 eorum,
816 1415 921 1494 qui
951 1415 1208 1491 negotiis
1247 1421 1594 1493 praeerant,
1638 1421 1743 1476 aut
1787 1422 1997 1476 natura
2041 1423 2143 1477 aut

189 1500 479 1562 studium
508 1499 763 1570 serebat,
795 1497 944 1558 haec
975 1498 1047 1559 ad
1077 1498 1429 1577 Pompeium
1458 1500 1657 1559 omnia
1683 1498 2051 1562 detulerunt.

331 1583 515 1646 LXII.
584 1583 816 1655 Quibus
868 1582 967 1643 ille
1019 1584 1277 1660 cognitis
1327 1585 1778 1663 eruptionisque
1830 1584 1949 1644 iam
2001 1591 2137 1645 ante
2163 1591 2193 1641 1

190 1676 385 1748 capto
417 1670 690 1738 consilio,
720 1674 791 1729 ut
819 1667 1286 1728 demonstratum
1317 1675 1428 1739 est,
1463 1670 1786 1745 tegimenta
1817 1668 2001 1746 galeis
2027 1672 2139 1730 mi-

191 1753 352 1815 lites
394 1770 469 1815 ex
506 1750 834 1814 viminibus
872 1753 1072 1812 facere
1116 1759 1292 1831 atque
1333 1769 1614 1831 aggerem
1654 1751 1825 1813 iubet
1865 1770 2138 1832 compor-

190 1845 364 1899 tare.
424 1836 535 1898 His
563 1839 787 1916 paratis
814 1835 998 1897 rebus
1026 1852 1305 1913 magnum
1336 1854 1654 1897 numerum
1696 1836 1844 1897 levis
1873 1844 2135 1898 armatu·
2156 1845 2190 1896 Ξ

193 1939 312 1982 rae
349 1927 412 1981 et
441 1923 886 1999 sagittariorum
908 1937 1307 2000 aggeremque
1327 1938 1564 1982 omnem
1589 1927 1772 1980 noctu
1799 1922 1863 1980 in
1886 1921 2140 1999 scaphas

194 2013 262 2066 et
295 2022 487 2065 naves
517 2006 811 2066 actuarias
840 2007 1078 2084 inponit
1106 2012 1167 2064 et
1197 2004 1269 2064 de
1307 2005 1508 2067 media
1536 2011 1709 2065 nocte
1741 2005 2017 2064 cohortes
2045 2018 2140 2065 Lx

198 2108 280 2152 ex
312 2090 595 2151 maximis
624 2090 837 2151 castris
864 2088 1301 2169 praesidiisque
1332 2089 1619 2152 deductas
1640 2088 1713 2150 ad
1743 2106 1875 2150 eam
1907 2095 2139 2168 partem

199 2175 611 2235 munitionum
641 2174 838 2244 ducit,
882 2193 1034 2254 quae
1065 2174 1410 2253 pertinebat
1449 2174 1522 2235 ad
1557 2191 1722 2234 mare
1762 2174 2136 2251 longissime-

197 2276 328 2338 que
382 2276 414 2319 a
465 2261 740 2320 maximis
793 2261 1009 2319 castris
1051 2258 1324 2320 Caesaris
1363 2258 1589 2321 aberat.
1671 2257 1896 2319 Eodem
1937 2277 2135 2329 naves,
2159 2267 2192 2316 8

198 2359 362 2422 quas
391 2343 923 2405 demonstravimus
953 2360 1169 2420 aggere
1202 2349 1264 2404 et
1293 2344 1443 2405 levis
1472 2349 1808 2405 armaturae
1839 2343 2138 2404 militibus

199 2427 567 2505 completas,
611 2445 874 2507 quasque
906 2427 980 2487 ad
1010 2427 1446 2506 Dyrrhachium
1489 2444 1669 2489 naves
1707 2427 1916 2505 longas
1953 2427 2137 2489 habe-

200 2510 334 2580 bat,
368 2513 553 2573 mittit
582 2519 659 2582 et,
692 2511 834 2590 quid
866 2530 899 2571 a
930 2529 1165 2591 quoque
1197 2512 1329 2572 fieri
1358 2512 1521 2582 velit,
1553 2514 1869 2591 praecipit.
1914 2513 2003 2575 Ad
2034 2530 2136 2573 eas
2156 2519 2192 2571 4

202 2597 578 2658 munitiones
636 2596 856 2657 Caesar
916 2595 1232 2656 Lentulum
1291 2596 1702 2658 Marcellinum
1761 2604 2137 2676 quaestorem

203 2697 349 2740 cum
389 2680 623 2757 legione
654 2692 831 2739 vnn.
876 2682 1135 2759 positum
1169 2680 1450 2741 habebat.
1510 2680 1695 2751 Huic,
1728 2680 1885 2760 quod
1914 2682 2137 2742 valetu-

205 2763 353 2824 dine
382 2766 583 2825 minus
611 2764 917 2825 commoda
945 2764 1246 2834 utebatur,
1285 2762 1562 2825 Fulvium
1591 2764 1937 2825 Postumum
1969 2766 2138 2827 adiu-

205 2856 408 2908 torem
436 2850 838 2909 summiserat.

340 2931 549 2993 LXIII.
606 2932 754 2994 Erat
782 2950 853 2993 eo
881 2932 1012 2993 loco
1041 2933 1201 2993 fossa
1229 2929 1448 3013 pedum
1470 2945 1567 2992 xv
1597 2940 1657 2994 et
1683 2931 1898 2993 vallum
1927 2941 2135 2995 contra
2160 2941 2190 2991 1

206 3015 446 3077 hostem
474 3018 539 3078 in
568 3016 941 3078 altitudinem
970 3016 1187 3096 pedum
1219 3032 1297 3088 x,
1341 3017 1808 3096 tantundemque
1846 3018 1974 3079 eius
2001 3018 2136 3079 valli

209 3116 395 3177 agger
443 3102 508 3161 in
560 3099 934 3162 latitudinem
986 3099 1260 3180 patebat;
1313 3100 1389 3164 ab
1431 3119 1501 3163 eo
1551 3102 1893 3162 intermisso
1945 3104 2136 3181 spatio

210 3183 431 3261 pedum
481 3195 579 3244 Do
628 3184 779 3246 alter
826 3202 1147 3246 conversus
1197 3190 1261 3248 in
1313 3188 1674 3248 contrariam
1724 3192 1954 3266 partem
2007 3195 2138 3248 erat

209 3266 399 3330 vallus
428 3268 749 3336 humiliore
779 3270 954 3349 paulo
977 3271 1326 3332 munitione.
1387 3271 1514 3332 Hoc
1538 3272 1699 3332 enim
1721 3269 2137 3349 superioribus
2154 3278 2189 3328 2

212 3349 428 3413 diebus
454 3356 675 3415 timens
705 3353 950 3424 Caesar,
994 3372 1070 3414 ne
1111 3355 1362 3417 navibus
1393 3358 1585 3417 nostri
1627 3358 2134 3417 circumveniren-

210 3439 329 3504 tur,
362 3436 656 3516 duplicem
688 3455 759 3498 eo
787 3437 918 3498 loco
946 3439 1175 3499 fecerat
1202 3440 1437 3509 vallum,
1470 3447 1555 3511 ut,
1596 3442 1648 3501 si
1679 3442 1926 3519 ancipiti
1956 3459 2134 3522 proe-

212 3515 292 3578 lio
323 3519 738 3592 dimicaretur,
781 3529 982 3601 posset
1021 3523 1241 3584 resisti.
1316 3522 1435 3584 Sed
1486 3542 1736 3604 operum
1788 3525 2136 3601 magnitudo
2154 3531 2190 3582 8

213 3608 274 3662 et
304 3606 616 3667 continens
645 3608 910 3670 omnium
953 3606 1187 3667 dierum
1226 3606 1426 3678 labor,
1471 3609 1628 3688 quod
1659 3608 1823 3670 milia
1855 3628 2135 3689 passuum

315 3717 360 3753 c.
396 3719 501 3756 run.
537 3718 680 3756 cass.
738 3721 795 3755 11.
1698 3701 1727 3745 7
