2750 4255
619 291 706 358 52
1263 296 1360 352 DE
1402 293 1632 351 BELLO
1678 293 1897 351 CIVILI

620 482 722 526 cas
749 462 1019 525 civitates
1049 461 1485 532 arbitrabatur,
1530 462 1628 523 his
1665 461 1938 539 graviora
1967 478 2150 522 onera
2187 460 2590 538 iniungebat

619 548 1037 629 praesidiaque
1077 566 1148 609 eo
1187 546 1523 608 deducebat
1562 553 1623 606 et
1661 545 1883 607 iudicia
1923 545 1987 604 in
2028 547 2291 623 privatos
2328 546 2588 607 redde-

620 633 753 705 bat;
798 635 916 713 ⁶qui
957 631 1138 694 verba
1179 639 1355 713 atque
1409 634 1738 692 orationem
1778 629 2061 691 adversus
2106 628 2584 710 rempublicam

618 717 997 789 habuissent,
1039 736 1248 778 eorum
1279 715 1434 776 hona
1463 717 1527 776 in
1556 713 1862 793 publicum
1890 712 2219 774 addicebat.
2289 713 2584 775 Provin-

620 805 776 864 ciam
830 820 1065 864 omnem
1116 803 1181 862 in
1223 818 1330 861 sua
1371 807 1433 860 et
1474 799 1723 878 Pompei
1759 795 1941 858 verba
1980 798 2400 859 iusiurandum
2454 800 2578 859 ad-

567 897 599 945 6
620 886 839 963 igebat.
910 886 1177 964 Cognitis
1215 887 1292 945 iis
1319 881 1530 953 rebus,
1573 900 1723 962 quae
1755 888 1891 943 sunt
1919 888 2122 959 gestae
2158 884 2225 943 in
2254 884 2574 945 citeriore

618 971 939 1050 Hispania,
982 970 1206 1030 bellum
1246 968 1515 1047 parabat.
1572 967 1745 1027 Ratio
1787 972 1987 1026 autem
2025 965 2172 1026 haec
2212 973 2341 1027 erat
2375 965 2568 1039 belli,

616 1061 685 1115 ut
725 1073 788 1115 se
831 1072 964 1115 cum
993 1066 1049 1113 11
1089 1052 1426 1130 legionibus
1455 1052 1632 1113 Gadis
1671 1050 2002 1121 conferret,
2054 1068 2234 1112 naves
2268 1052 2569 1113 frumen-

617 1147 864 1217 tumque
907 1155 1080 1199 omne
1130 1136 1219 1198 ibi
1266 1139 1630 1199 contineret:
1691 1135 2060 1214 provinciam
2099 1136 2260 1196 enim
2299 1154 2564 1198 omnem

619 1221 895 1283 Caesaris
918 1221 1102 1283 rebus
1130 1223 1330 1283 favere
1354 1227 1732 1298 cognoverat.
1779 1218 1848 1279 In
1876 1218 2072 1279 insula
2100 1220 2407 1280 frumento
2438 1240 2560 1282 na-

617 1306 907 1386 vibusque
950 1308 1309 1387 comparatis
1349 1305 1571 1366 bellum
1611 1303 1748 1364 duci
1788 1320 1909 1363 non
1949 1302 2191 1363 difficile
2232 1305 2557 1366 existima-

565 1400 596 1449 ’1
620 1391 743 1453 bat.
813 1389 1058 1462 Caesar,
1103 1392 1219 1452 etsi
1246 1390 1456 1450 multis
1484 1388 1956 1465 necessariisque
1994 1384 2178 1448 rebus
2215 1389 2279 1448 in
2306 1388 2557 1451 Italiam

617 1475 1039 1546 revocabatur,
1091 1481 1292 1536 tamen
1332 1474 1724 1534 constituerat
1761 1470 1981 1532 nullam
2020 1480 2251 1549 partem
2291 1471 2438 1534 belli
2482 1477 2553 1535 in

617 1559 923 1638 Hispaniis
950 1559 1322 1636 relinquere,
1365 1556 1523 1635 quod
1552 1572 1766 1633 magna
1806 1572 1936 1615 esse
1965 1553 2211 1634 Pompei
2242 1555 2548 1620 beneficia

616 1650 677 1704 et
704 1660 950 1719 magnas
978 1641 1286 1703 clientelas
1312 1642 1380 1700 in
1411 1640 1690 1701 citeriore
1719 1640 2025 1718 provincia
2056 1640 2303 1700 sciebat.

566 1738 594 1785 1
743 1724 979 1786 XVIIII.
1022 1724 1226 1805 Itaque
1251 1723 1482 1786 duabus
1509 1721 1843 1801 legionibus
1865 1724 2067 1784 missis
2093 1726 2158 1784 in
2186 1725 2544 1787 ulteriorem

614 1808 961 1888 Hispaniam
1002 1828 1136 1870 cum
1176 1808 1245 1879 Q.
1278 1807 1511 1879 Cassio,
1553 1807 1800 1868 tribuno
1839 1806 2066 1885 plebiS,
2108 1810 2241 1887 ipse
2271 1826 2416 1871 cum
2442 1823 2542 1872 Dc

617 1894 925 1974 equitibus
946 1897 1179 1972 magnis
1201 1892 1523 1954 itineribus
1544 1892 1928 1972 progreditur
1958 1891 2338 1973 edictumque
2357 1912 2539 1973 prae-

613 1980 829 2050 mittit,
875 1979 948 2040 ad
978 1998 1154 2058 quam
1195 1978 1353 2038 diem
1382 1979 1761 2055 magistratus
1805 1977 2225 2056 principesque
2267 1981 2536 2041 omnium

559 2075 593 2120 2
615 2065 919 2124 civitatum
963 2062 1083 2125 sibi
1122 2081 1255 2123 esse
1295 2069 1535 2142 praesto
1566 2058 1874 2121 Cordubae
1902 2059 2099 2120 vellet.
2170 2060 2298 2132 Quo
2339 2063 2533 2124 edicto

616 2155 739 2210 tota
780 2149 1083 2228 provincia
1122 2147 1470 2226 pervulgato
1511 2145 1670 2206 nulla
1708 2145 1825 2204 fuit
1863 2147 2108 2214 civitas,
2170 2148 2317 2226 quin
2358 2147 2431 2208 ad
2469 2149 2531 2209 id

610 2240 848 2311 tempus
874 2238 1106 2311 partem
1136 2238 1374 2291 senatus
1399 2228 1734 2290 Cordubam
1763 2229 2057 2299 mitteret,
2088 2247 2207 2290 non
2237 2232 2386 2292 civis
2411 2232 2527 2293 Ro-

559 2325 590 2373 3
614 2334 823 2377 manus
849 2314 1024 2394 paulo
1046 2316 1272 2382 notior,
1303 2315 1450 2392 quin
1480 2312 1553 2373 ad
1584 2311 1744 2372 diem
1772 2315 2138 2374 conveniret.
2185 2313 2371 2375 Simul
2397 2317 2525 2395 ipse

617 2396 928 2461 Cordubae
966 2403 1290 2457 conventus
1318 2415 1429 2475 per
1458 2414 1523 2456 se
1551 2402 1753 2474 portas
1780 2395 2034 2458 Varroni
2065 2397 2299 2468 clausit,
2332 2409 2522 2461 custo-

619 2482 751 2543 dias
778 2481 1128 2559 vigiliasque
1168 2482 1232 2541 in
1260 2479 1532 2541 turribus
1558 2498 1847 2559 muroque
1879 2481 2175 2560 disposuit
2193 2529 2210 2553 ,
2254 2482 2522 2546 cohortes

610 2566 786 2633 duas,
830 2583 982 2644 quae
1022 2564 1324 2625 colonicae
1364 2564 1839 2644 appellabantur,
1883 2583 2019 2626 cum
2060 2584 2131 2626 eo
2161 2582 2303 2627 casu
2329 2571 2519 2630 venis-

557 2657 592 2706 4
614 2657 776 2718 sent,
809 2648 1016 2710 tuendi
1048 2647 1252 2728 oppidi
1282 2667 1457 2711 causa
1489 2649 1644 2728 apud
1674 2666 1738 2709 se
1769 2651 2037 2710 retinuit.
2088 2649 2287 2712 Isdem
2315 2651 2521 2714 diebus

609 2734 1071 2803 CarmonenseS,
1124 2750 1277 2812 quae
1320 2740 1411 2793 est
1449 2733 1623 2811 longe
1678 2734 2014 2794 firmissima
2064 2736 2248 2795 totius
2286 2738 2519 2814 provin·

610 2819 736 2878 ciae
782 2817 1021 2887 civitaS,
1066 2814 1338 2878 deductis
1381 2816 1574 2878 tribus
1617 2819 1682 2877 in
1717 2834 1915 2877 arcem
1947 2818 2150 2897 oppidi
2182 2819 2520 2882 cohortibus

607 2920 640 2962 a
682 2901 949 2962 Varrone
998 2900 1330 2981 praesidio,
1383 2919 1494 2981 per
1541 2919 1607 2962 se
1658 2900 1936 2962 cohortes
1986 2903 2166 2964 eiecit
2206 2912 2518 2985 portasque

603 2985 944 3064 praeclusit.

561 3077 587 3125 1
739 3069 870 3130 XX.
927 3065 1054 3130 lloc
1081 3087 1224 3129 vero
1253 3071 1444 3146 magis
1472 3086 1797 3148 properare
1824 3068 2045 3142 Varro,
2087 3078 2155 3131 ut
2183 3089 2319 3133 cum
2338 3071 2514 3150 legio·

605 3151 786 3214 nibus
826 3171 1004 3232 quam
1044 3155 1306 3231 primum
1345 3152 1527 3214 Gadis
1563 3152 1979 3224 contenderet,
2042 3172 2118 3215 ne
2159 3156 2372 3217 itinere
2407 3159 2515 3229 ?aut

603 3240 859 3299 traiectu
900 3237 1435 3298 intercluderetur:
1476 3241 1638 3295 tanta
1668 3253 1735 3296 ac
1773 3243 1894 3297 tam
1924 3238 2183 3300 secunda
2221 3242 2285 3301 in
2317 3241 2510 3302 Caesa-

553 3327 584 3376 2
606 3337 736 3380 rem
765 3320 1032 3381 voluntas
1061 3320 1404 3400 provinciae
1433 3318 1866 3399 reperiebatur.
1905 3322 2231 3401 Progresso
2261 3327 2317 3386 ei
2344 3326 2509 3404 paulo

603 3404 857 3480 longius«
878 3403 1115 3466 litterae
1155 3423 1188 3465 a
1220 3401 1482 3464 Gadibus
1507 3403 1873 3476 redduntur,
1915 3407 2271 3488 simulatque
2312 3410 2385 3470 sit
2412 3428 2506 3470 co-

605 3488 838 3565 gnitum
868 3486 940 3547 de
973 3487 1167 3549 edicto
1199 3486 1498 3559 CaesariS,
1543 3492 1917 3552 consensisse
1948 3490 2268 3554 Gaditanos
2295 3494 2506 3572 princi·

605 3587 716 3650 pes
746 3587 879 3633 cum
901 3569 1168 3633 tribunis
1195 3571 1559 3644 cohortium,
1592 3591 1741 3655 quae
1776 3583 1973 3637 essent
1995 3575 2085 3637 ibi
2113 3578 2177 3637 in
2197 3577 2502 3657 praesidio,
