2750 4255
631 313 858 370 COMM.
872 313 970 369 ΠΙ.
1013 312 1768 372 CARXXXIII-—XXXVIL
2076 311 2159 375 85

219 482 522 550 tiaretur,
565 486 626 540 et
654 498 769 559 quo
797 483 915 541 iter
945 478 1282 560 expeditius
1318 480 1577 552 faceret,
1623 481 1698 541 Μ.
1731 481 2055 543 Favonium
2085 483 2160 545 ad

220 564 459 626 flumen
490 563 923 635 Aliacmonem,
965 563 1121 644 quod
1150 564 1557 626 Macedoniam
1590 583 1622 624 a
1657 563 1965 626 Thessalia
2006 567 2159 628 divi-

222 649 359 719 dit,
404 666 540 709 cum
581 647 927 708 cohortibus
966 661 1097 709 vm
1139 648 1442 727 praesidio
1484 648 1930 728 impedimentis
1969 649 2156 727 legio-

218 751 381 795 num
410 733 656 810 reliquit
679 732 1105 812 castellumque
1134 732 1224 793 ibi
1253 735 1478 793 muniri
1509 734 1705 794 iussit.
1749 732 1972 793 Eodem
2007 740 2153 794 tem·
2175 743 2210 792 Δ

218 834 383 898 pore
417 819 716 897 equitatus
745 819 909 895 regis
937 817 1137 897 Cotyis
1167 817 1241 877 ad
1271 823 1470 878 castra·
1497 817 1659 878 Cassi
1692 816 2010 887 advolavit,
2053 821 2156 897 qui

218 904 466 963 circum
487 899 850 962 Thessaliam
882 917 1010 962 esse
1033 908 1368 962 consuerat.
1430 901 1583 962 Tum
1615 902 1832 961 timore
1860 903 2152 981 perterri-
2172 911 2206 961 5

220 994 334 1047 tus
363 985 600 1046 Cassius
629 989 867 1063 cognito
898 985 1199 1065 Scipionis
1237 986 1496 1047 adventu
1526 987 1791 1065 visisque
1826 985 2154 1063 equitibus,

220 1088 386 1148 quos
415 1069 715 1149 Scipionis
745 1088 876 1131 esse
907 1069 1332 1140 arbitrabatur,
1365 1070 1440 1131 ad
1470 1076 1703 1131 montes
1745 1088 1812 1131 se
1841 1072 2154 1140 convertit,

219 1157 340 1235 qui
381 1153 749 1214 Thessaliam
793 1156 1067 1232 cingunt,
1126 1162 1302 1236 atque
1345 1173 1419 1215 ex
1458 1154 1554 1215 his
1592 1154 1743 1215 locis
1781 1153 2159 1215 Ambraciam

218 1256 445 1300 versus
472 1241 592 1299 iter
619 1239 820 1300 facere
851 1241 1069 1320 coepit.
1129 1238 1205 1300 At
1234 1238 1575 1319 Scipionem
1610 1245 2033 1318 properantem
2062 1257 2154 1299 se·
2176 1248 2209 1296 s

220 1325 340 1404 qui
369 1323 603 1384 litterae
633 1331 772 1384 sunt
800 1330 1150 1385 consecutae
1182 1342 1216 1384 a
1244 1323 1321 1383 Μ.
1354 1323 1634 1392 Favonio,
1666 1322 1992 1383 Domitium
2022 1340 2158 1383 cum

218 1407 573 1486 legionibus
615 1408 823 1469 adesse
864 1426 1065 1488 neque·
1097 1426 1162 1469 se
1203 1407 1601 1487 praesidium,
1653 1405 1761 1466 ubi
1802 1407 2159 1467 constitutus

221 1498 412 1562 esset,
445 1495 575 1554 sine
606 1491 826 1553 auxilio
856 1491 1156 1572 Scipionis
1183 1498 1394 1552 tenere
1424 1508 1621 1572 posse.
1678 1489 1909 1561 Quibus
1939 1489 2160 1551 litteris
2180 1499 2211 1547 ‘1

220 1579 494 1656 acceptis
524 1577 838 1638 consilium
869 1576 1072 1656 Seipio
1099 1579 1336 1657 iterque
1367 1581 1725 1646 commutat;
1763 1574 2032 1636 Cassium
2061 1593 2155 1635 se-

221 1663 340 1742 qui
369 1661 623 1732 desistit,
654 1661 917 1724 Favonio
946 1661 1234 1723 auxilium
1260 1662 1425 1722 ferre
1448 1660 1773 1721 contendit.
1818 1659 2025 1740 Itaque
2055 1658 2153 1720 die
2178 1667 2211 1717 8

222 1764 304 1807 ac
333 1752 508 1807 nocte
538 1748 882 1807 continuato
909 1747 1129 1807 itinere
1158 1745 1234 1807 ad
1262 1763 1401 1806 eum
1442 1745 1742 1825 pervenit,
1786 1750 1907 1805 tam
1941 1762 2158 1823 oppor-

222 1838 382 1891 tuno
413 1836 704 1909 tempore,
738 1836 807 1890 ut
836 1829 1013 1889 simul
1042 1828 1365 1890 Domitiani
1395 1831 1695 1889 exercitus
1724 1827 1921 1906 pulvis
1949 1844 2158 1887 cerne-

223 1921 405 1974 retur
455 1921 516 1972 et
564 1914 751 1990 primi
797 1918 1213 1971 antecursores
1262 1911 1562 1990 Scipionis
1610 1910 1982 1971 viderentur.
2070 1909 2157 1971 Ita

224 1997 443 2059 Cassio
472 1995 768 2056 industria
798 1994 1074 2063 Domitii,
1118 1994 1380 2055 Favonio
1410 1993 1709 2073 Scipionis
1746 1993 2022 2054 celeritas
2063 2012 2157 2055 sa-

229 2080 426 2142 lutem
457 2079 672 2141 attulit.

365 2163 654 2225 xxxv-11.
708 2163 911 2244 Scipio
939 2162 1191 2224 biduum
1217 2159 1292 2224 in
1313 2164 1524 2223 castris
1547 2164 1780 2224 stativis
1797 2168 2062 2223 moratus
2085 2163 2158 2223 ad
2184 2174 2206 2219 1

228 2249 491 2320 ssumen,
536 2248 694 2327 quod
727 2250 890 2309 inter
920 2265 1056 2309 eum
1085 2254 1148 2309 et
1174 2248 1419 2309 Domitii
1448 2253 1646 2308 castra·
1671 2246 1923 2318 fluebat,
1966 2246 2161 2308 Aliae-

228 2351 508 2403 monem,
550 2335 730 2394 tert-io
759 2332 858 2393 die
887 2334 1080 2412 prima
1108 2332 1244 2393 luce
1275 2333 1604 2393 exercitum
1634 2332 1782 2393 vado
1811 2331 2071 2393 traducit
2101 2340 2161 2393 et

228 2420 452 2479 castris
490 2419 707 2497 positis
745 2423 987 2497 postero
1027 2417 1125 2477 die
1170 2434 1344 2477 mane
1374 2416 1580 2495 copias
1608 2424 1743 2477 ante
1772 2417 2034 2478 frontem
2063 2434 2161 2477 ca-

229 2509 498 2563 strorum
527 2504 792 2563 instruit.
852 2501 1146 2563 Domitius
1187 2507 1315 2562 tum
1344 2517 1581 2581 quoque
1623 2500 1738 2561 sibi
1770 2499 2159 2562 dubitandum
2179 2511 2211 2558 2

229 2604 356 2647 non
384 2588 631 2665 putavit,
664 2588 811 2666 quin
838 2586 1146 2664 productis
1173 2584 1515 2664 legionibus
1545 2586 1776 2664 proelio
1801 2585 2159 2646 decertaret.

230 2669 355 2731 Sed
399 2688 536 2731 cum
567 2678 726 2732 esset
763 2673 923 2731 inter
963 2669 1106 2731 bina
1145 2677 1339 2731 castra
1381 2687 1625 2749 campus
1655 2672 1899 2731 circiter
1929 2670 2162 2731 milium

229 2771 519 2833 passuum
547 2767 652 2823 vl,
698 2754 992 2815 Domitius
1022 2757 1237 2815 castris
1267 2754 1568 2832 Scipionis
1600 2756 1790 2814 aciem
1821 2772 1988 2814 suam
2021 2753 2160 2814 sub-

229 2838 414 2907 iecit,
457 2836 558 2897 ille
598 2856 633 2898 a
660 2838 811 2898 vallo
840 2856 960 2899 non
990 2838 1298 2899 discedere
1339 2839 1762 2917 perseveravit.
1832 2838 1916 2897 Ac
1959 2845 2159 2897 tamen
2180 2844 2212 2893 3

230 2938 417 2999 aegre
446 2922 698 2980 retentis
726 2920 1078 2982 Domitianis
1107 2919 1402 2981 militibus
1434 2928 1524 2980 est
1550 2920 1793 2989 factum,
1824 2938 1901 2980 ne
1932 2921 2160 2999 proelio

231 3005 731 3075 contenderetur,
776 3012 838 3065 et
880 3007 1165 3077 maxime,
1222 3004 1380 3084 quod
1422 3005 1587 3064 rivus
1625 3002 1972 3064 difficilibus
2009 3006 2164 3083 ripis

233 3089 545 3151 subiectus
584 3090 798 3149 castris
837 3089 1137 3168 Scipionis
1183 3106 1538 3169 progressus
1579 3095 1922 3149 nostrorum
1970 3090 2160 3166 impe·

234 3173 455 3236 diebat.
525 3171 788 3242 Quorum
830 3173 1093 3234 studium
1136 3174 1623 3249 alacritatemque
1675 3172 1979 3252 pugnandi
2023 3190 2160 3233 cum
2181 3182 2214 3229 4

235 3260 612 3334 cognovisset
642 3256 861 3337 Scipio,
895 3259 1249 3337 suspicatus,
1282 3258 1410 3319 sore
1440 3263 1508 3318 ut
1537 3267 1778 3336 postero
1808 3257 1905 3318 die
1937 3265 2039 3318 aut
2068 3259 2160 3317 in-

236 3342 395 3403 vitus
424 3343 711 3403 dimicare
741 3349 1060 3421 cogeretur
1100 3352 1203 3403 aut
1241 3360 1453 3420 magna
1488 3360 1624 3402 cum
1666 3342 1909 3404 infamia
1953 3342 2163 3402 castris

238 3443 304 3486 se
356 3429 718 3496 contineret,
779 3429 881 3505 qui
943 3444 1155 3505 magna
1213 3446 1349 3488 cum
1410 3431 1821 3506 expectatione
1877 3429 2158 3497 venisset,

240 3516 465 3570 temere
519 3529 870 3589 progressus
920 3519 1157 3590 turpem
1209 3511 1419 3572 habuit
1468 3514 1694 3573 exitum
1749 3520 1809 3573 et
1857 3520 2039 3573 noctu
2085 3530 2160 3572 ne

240 3595 617 3655 conclamatis
644 3596 883 3675 quidem
918 3598 1072 3656 vasis
1102 3595 1324 3657 flumen
1366 3596 1577 3657 transit
1608 3606 1782 3674 atque
1813 3601 1877 3659 in
1910 3597 2162 3658 eandem
