2750 4255
599 326 687 395 46
1251 332 1350 389 DE
1390 333 1622 392 BELLO
1668 333 1889 391 CIVILI

603 518 679 562 ex
708 500 880 562 Bruti
923 500 1109 562 classe
1149 517 1331 562 naves
1374 507 1578 572 erant,
1635 502 1703 562 in
1735 519 1843 562 eas
1884 501 2199 581 impeditas
2235 504 2575 584 impetum

602 585 833 647 faciunt
859 585 1257 665 celeriterque
1286 585 1494 648 ambas
1522 585 1886 665 deprimunt.

554 677 586 727 1
732 668 858 731 vn.
928 669 1047 730 Sed
1087 669 1442 731 Nasidianae
1480 685 1664 731 naves
1699 670 1863 730 nullo
1909 672 2048 731 usui
2086 672 2340 733 suerunt
2380 673 2573 734 cele·

602 755 872 834 riterque
900 769 1099 833 pugna
1130 762 1545 815 excesserunt:
1577 771 1697 815 non
1726 756 1887 815 enim
1916 754 2024 816 has
2045 761 2148 816 aut
2165 763 2573 833 conspectus
2663 777 2664 782 ¹

604 840 835 917 patriae
866 841 969 899 aut
1003 840 1481 918 propinquorum
1516 846 1848 919 praecepta·
1877 838 1950 900 ad
1995 845 2333 901 extremum
2375 843 2570 903 vitae

550 930 585 981 2
607 923 939 1002 perieulum
971 921 1136 983 adire
1166 921 1480 999 cogebant.
1537 922 1742 1003 ltaque
1774 940 1849 984 ex
1888 940 1960 984 eo
1998 935 2256 984 numero
2288 927 2567 988 navium

602 1006 765 1068 nulla
795 1005 1131 1067 desiderata
1172 1012 1293 1077 est3
1341 1023 1414 1067 ex
1443 1006 1903 1068 Massiliensium
1940 1007 2128 1069 'classe
2156 1021 2206 1069 v
2246 1017 2397 1071 sun't
2437 1010 2563 1071 de-

601 1108 876 1171 pressae,
919 1102 1030 1150 1111
1056 1097 1298 1169 captae,
1341 1109 1459 1152 una
1490 1110 1627 1152 cum
1667 1091 2007 1154 Nasidianis
2034 1094 2329 1172 profugit;
2376 1109 2562 1174 quae

549 1183 584 1233 8
606 1193 812 1236 omnes
849 1174 1189 1236 citeriorem
1226 1171 1574 1254 Hispaniam
1618 1178 1977 1255 petiverunt.
2051 1177 2128 1238 At
2167 1196 2240 1238 ex
2269 1179 2561 1257 reliquis

604 1277 723 1321 una
761 1260 1090 1339 praemissa
1128 1258 1450 1321 Massiliam
1489 1260 1669 1322 huius
1710 1262 1906 1322 nuntii
1946 1262 2291 1340 perferendi
2331 1267 2556 1340 gratia

603 1360 740 1404 cum
789 1345 911 1405 iam
961 1343 1473 1424 adpropinquaret
1529 1343 1702 1415 urbi,
1764 1347 1959 1407 omnis
2016 1363 2146 1406 sese
2204 1346 2554 1410 multitudo

602 1426 837 1499 effudit,
881 1435 944 1490 et
979 1446 1048 1488 re
1089 1431 1326 1506 cognita
1366 1435 1568 1490 tantus
1608 1429 1803 1490 luctus
1846 1432 2109 1508 excepit,
2151 1437 2221 1491 ut
2258 1430 2414 1492 urbs
2461 1432 2551 1493 ab

551 1520 585 1570 4
603 1512 880 1573 hostibus
906 1518 1078 1591 capta
1109 1513 1317 1573 eodem
1344 1516 1598 1592 vestigio
1627 1513 1953 1575 videretur.
2005 1513 2412 1577 Massilienses
2441 1523 2548 1577 ta-

601 1614 741 1657 men
771 1596 962 1659 nihilo
992 1598 1191 1658 secius
1217 1597 1292 1658 ad
1334 1596 1743 1660 defensionem
1771 1597 1942 1660 urbis
1970 1598 2202 1679 reliqua
2233 1617 2542 1679 apparare

602 1698 708 1741 coe
754 1687 948 1743 erunt.

548 1771 581 1825 1
711 1699 878 1827 1l'III.
935 1764 1044 1827 Est
1071 1766 1548 1828 animadversum
1578 1765 1653 1828 ab
1694 1765 2070 1844 legionariis,
2109 1770 2214 1848 qui
2254 1768 2536 1832 dextram

601 1855 834 1929 partem
874 1851 1074 1931 operis
1112 1849 1638 1920 administrabant,
1693 1869 1767 1911 ex
1806 1850 2041 1913 crebris
2082 1852 2344 1915 hostium
2387 1872 2530 1915 eru·

599 1934 906 2013 ptionibus
954 1951 1169 2014 magno
1209 1934 1328 1996 sibi
1356 1932 1512 2014 lesse
1557 1935 1863 2015 praesidio
1910 1953 2117 2017 posse,
2173 1939 2226 1999 si
2274 1936 2365 1999 ibi
2416 1956 2524 2020 pro

601 2019 844 2081 castello
885 2038 954 2081 ac
992 2019 1374 2099 receptaculo
1416 2021 1631 2081 turrim
1661 2039 1734 2081 ex
1773 2021 1959 2084 latere
1989 2020 2101 2082 sub
2139 2039 2315 2083 muro
2343 2021 2517 2085 fecis·

601 2111 753 2168 sent.
806 2103 993 2177 Quam
1032 2105 1228 2186 primo
1258 2102 1332 2165 ad
1371 2106 1721 2184 repentinos
1757 2106 2039 2167 incursus
2067 2104 2357 2168 humilem
2385 2122 2517 2188 par:
2670 2134 2672 2197 4

546 2197 581 2248 2
604 2208 854 2271 vamque
883 2192 1180 2252 fecerunt.
1237 2185 1368 2249 Huc
1399 2207 1463 2249 se
1491 2188 1868 2262 reserebant3
1909 2190 2072 2257 hinc,
2104 2191 2156 2248 si
2186 2208 2302 2267 qua
2331 2195 2517 2254 maior
2637 2242 2642 2245 .

567 2342 583 2351 *-
600 2280 985 2355 oppresserat
1022 2276 1139 2345 vis,
1180 2271 1668 2352 propugnabant:
1717 2272 1859 2332 hinc
1901 2271 1975 2332 ad
2014 2270 2425 2350 repellendum
2466 2284 2521 2338 et

599 2358 1084 2439 prosequendum
1122 2358 1360 2418 hostem
1390 2354 1842 2436 procurrebant.
1906 2351 2157 2416 Patebat
2194 2355 2345 2417 haec
2377 2374 2521 2440 quo·

600 2460 718 2523 que
744 2456 955 2502 versus
984 2442 1169 2521 pedes
1208 2453 1379 2510 xxx,
1422 2439 1526 2501 sed
1554 2440 1851 2518 parietum
1881 2439 2211 2501 crassitudo
2238 2441 2423 2519 pedes
2453 2458 2521 2508 v.

544 2536 580 2586 8
601 2526 815 2588 Postea
839 2544 1013 2596 vero,
1055 2532 1123 2587 ut
1151 2530 1244 2586 est
1269 2542 1476 2586 rerum
1505 2525 1772 2585 omnium
1800 2525 2087 2604 magister
2113 2542 2287 2596 usus,
2328 2526 2519 2590 homi-

588 2628 745 2672 num
794 2610 1063 2672 adhibita
1112 2610 1375 2671 sollertia
1424 2611 1732 2670 inventum
1762 2616 1883 2679 est,
1934 2626 2150 2687 magno
2201 2628 2332 2672 esse
2382 2616 2517 2675 usui

597 2712 807 2777 posse,
848 2696 898 2757 si
936 2693 1085 2756 haec
1126 2702 1283 2756 esset
1327 2695 1393 2753 in
1431 2691 1807 2755 altitudinem
1837 2695 2028 2755 turris
2057 2693 2228 2757 elata.
2300 2694 2366 2756 ld
2404 2696 2513 2760 bac

599 2780 830 2841 ratione
858 2780 1194 2858 perfectum
1227 2784 1338 2839 est.

547 2874 579 2924 ι
725 2863 905 2926 vnn.
964 2863 1080 2925 Ubi
1121 2863 1309 2924 turris
1337 2861 1587 2924 altitudo
1626 2862 1913 2942 perducta
1943 2870 2036 2924 est
2074 2862 2148 2924 ad
2177 2861 2514 2927 contabula-

599 2952 846 3020 tionem,
862 2966 993 3010 eam
1006 2949 1071 3008 in
1094 2949 1362 3026 parietes
1373 2948 1790 3008 instruxerunt
1809 2949 1912 3017 ita,
1928 2955 1994 3009 ut
2010 2949 2207 3027 capita
2216 2949 2509 3026 tignorum

601 3042 866 3095 extrema
904 3034 1200 3112 parietum
1235 3037 1543 3093 structura
1562 3038 1956 3110 tegerentur,
1989 3050 2067 3093 ne
2149 3031 2254 3093 uid
2291 3034 2510 3095 emine-

524 3126 581 3194 ,2
601 3124 714 3189 ret,
737 3117 846 3178 ubi
872 3118 1035 3194 ignis
1052 3115 1312 3178 hostium
1335 3115 1810 3178 adhaeresceret.
1840 3115 2008 3178 Hanc
2025 3052 2150 3197 [in‘ff
2175 3135 2354 3195 super
2372 3135 2506 3179 con·

598 3200 1010 3280 tignationem,
1050 3208 1337 3281 quantum
1367 3210 1589 3262 tectum
1615 3200 1808 3280 plutei
1840 3219 1909 3261 ac
1938 3204 2247 3263 vinearum
2275 3218 2502 3279 passum

601 3293 712 3357 est,
742 3285 1052 3347 latericulo
1082 3285 1505 3347 adstruxerunt
1542 3303 1840 3366 supraque
1870 3303 2006 3346 eum
2049 3284 2245 3345 locum
2271 3297 2327 3345 11
2351 3287 2504 3363 tigna

599 3378 941 3432 transversa
982 3371 1322 3432 iniecerunt
1348 3387 1469 3430 non
1510 3368 1687 3448 longe
1723 3367 1799 3431 ab
1841 3370 2127 3430 extremis
2164 3368 2500 3449 parietibus,

599 3453 822 3535 quibus
858 3454 1293 3535 suspenderent
1321 3472 1453 3515 eam
1482 3454 2017 3531 contignationem,
2059 3471 2214 3533 quae
2247 3454 2394 3513 turri
2417 3460 2501 3517 te·

599 3541 864 3618 gimento
894 3546 1052 3602 esset
1078 3540 1297 3611 futura,
1330 3555 1627 3619 supraque
1659 3557 1728 3599 ea
1767 3540 1934 3616 tigna
1964 3536 2194 3600 directo
2222 3544 2500 3600 transver-

545 3631 580 3683 3
604 3642 702 3686 sas
741 3621 948 3686 trabes
997 3625 1339 3685 iniecerunt
1379 3641 1598 3704 easque
1637 3621 1847 3684 axibus
1895 3621 2321 3700 religaverunt.
2397 3621 2504 3686 Has
