2750 4255
598 269 722 334 122
1242 273 1340 331 DE
1382 238 1612 345 1300110
1659 273 1877 329 crvm

542 452 571 500 5
597 440 1013 512 versabantur,
1057 442 1175 520 ipsi
1219 459 1328 520 pro
1371 458 1479 501 suo
1519 439 1790 520 periculo
1830 438 2249 501 defendebant.
2312 439 2390 502 ffl
2419 459 2524 502 re-

596 544 736 605 gum
777 526 1000 589 amicos
1040 524 1113 585 ad
1155 530 1410 585 mortem
1452 524 1804 603 deposcere,
1858 525 1921 585 hi
1962 523 2114 585 bona
2155 525 2524 604 locupletum

597 610 893 689 diripere,
940 608 1227 688 stipendii
1258 608 1516 686 augendi
1548 626 1724 669 causa
1754 611 1916 686 regis
1946 607 2186 669 domum
2217 608 2519 680 obsidere,

595 710 780 771 regno
820 691 1148 772 expellere,
1192 691 1340 752 alios
1379 708 1689 753 accersere
1728 700 1930 752 vetere
1971 693 2223 771 quodam
2265 693 2522 754 Alexan-

596 778 755 839 drini
813 778 1117 837 exercitus
1174 777 1448 837 instituto
1496 784 1872 837 consuerant.
1960 775 2149 837 Erant
2204 784 2524 856 praeterea

541 871 573 920 6
599 863 862 941 equitum
894 860 1056 921 milia
1086 859 1219 920 duo.
1272 859 1757 920 Inveteraverant
1784 860 1847 920 hi
1878 878 2085 920 omnes
2108 861 2527 940 compluribus

594 945 985 1007 Alexandriae
1016 943 1209 1013 bellis,
1242 942 1644 1005 Ptolemaeum
1685 950 1916 1023 patrem
1960 947 2041 1004 in·
2054 961 2306 1021 regnum
2335 945 2522 1005 redu-

575 1037 824 1116 ,xm-ant,
866 1027 1067 1088 Bibuli
1096 1028 1253 1088 filios
1292 1027 1441 1089 duos
1469 1028 1923 1097 interfecerant,
1967 1027 2121 1088 bella
2161 1046 2296 1088 cum
2325 1028 2524 1108 Aegy-

595 1115 741 1193 ptiis
769 1118 1097 1190 gesserant.
1156 1111 1329 1172 Hunc
1357 1129 1532 1172 usum
1559 1113 1651 1171 rei
1682 1112 1960 1172 militaris
1987 1110 2304 1174 habebant.

544 1206 576 1255 1
725 1195 873 1257 CXI.
943 1196 1052 1257 His
1093 1197 1284 1274 copiis
1323 1195 1515 1256 fidens
1545 1194 1807 1255 Achillas
1843 1194 2319 1274 paucitatemque
2358 1196 2524 1256 mili-

591 1287 719 1342 tum
759 1280 1029 1341 Caesaris
1069 1278 1409 1359 despiciens
1448 1277 1778 1356 occupabat
1820 1279 2236 1339 Alexandriam
2273 1288 2526 1359 praeter

592 1383 725 1427 eam
755 1363 957 1444 oppidi
995 1369 1247 1442 partem,
1289 1381 1469 1443 quam
1499 1362 1714 1423 Caesar
1754 1380 1887 1422 cum
1917 1362 2213 1423 militibus
2252 1363 2520 1434 tenebat,

590 1452 785 1530 primo
827 1449 1050 1528 impetu
1081 1447 1319 1508 domum
1351 1449 1483 1508 eius
1522 1449 1871 1526 inrumpere
1910 1456 2189 1518 conatus;
2233 1447 2339 1508 sed
2369 1447 2521 1508 Cae-

592 1551 690 1594 sar
720 1532 1025 1610 dispositis
1054 1549 1165 1609 per
1193 1534 1322 1591 vias
1350 1529 1700 1591 cohortibus
1727 1533 2017 1610 impetum
2049 1532 2177 1592 eius
2209 1533 2517 1593 sustinuit.

538 1628 569 1674 2
595 1616 938 1694 Eodemque
981 1620 1250 1693 tempore
1290 1621 1619 1692 pugnatum
1661 1621 1750 1675 est
1790 1615 1864 1675 ad
1904 1622 2177 1693 portum,
2228 1633 2297 1676 ac
2337 1616 2519 1692 longe

537 1709 569 1757 8
595 1701 911 1760 maximam
941 1716 1011 1758 ea
1040 1715 1139 1757 res
1169 1696 1365 1757 attulit
1394 1697 1854 1759 dimicationem.
1932 1699 2119 1760 Simul
2148 1703 2309 1760 enim
2339 1699 2516 1760 didu-

591 1785 704 1844 ctis
726 1784 917 1861 copiis
936 1781 1212 1861 pluribus
1229 1783 1345 1842 viis
1373 1781 1773 1860 pugnabatur,
1800 1790 1860 1843 et
1888 1800 2101 1861 magna
2130 1784 2517 1844 multitudine

589 1869 757 1929 navis
797 1867 1006 1944 longas
1048 1883 1341 1945 occupare
1382 1866 1583 1926 hostes
1614 1865 2015 1938 conabantur;
2058 1885 2309 1946 quarum
2340 1875 2519 1928 erant

588 1965 634 2012 L
679 1951 900 2013 auxilio
939 1951 1157 2010 missae
1200 1950 1274 2010 ad
1313 1949 1658 2028 Pompeium
1704 1950 2049 2030 proelioque
2101 1953 2165 2012 in
2207 1950 2516 2012 Thessalia

588 2037 747 2096 facto
778 2033 1015 2095 domum
1046 2034 1370 2102 redierant,
1417 2033 1555 2092 illae
1584 2034 1863 2094 triremes
1894 2052 2101 2096 omnes
2130 2041 2191 2095 et
2220 2037 2515 2114 quinque-

588 2138 789 2181 remes
810 2125 980 2198 aptae
1005 2120 1451 2196 instructaeque
1475 2116 1754 2178 omnihus
1782 2116 1969 2180 rebus
1991 2119 2065 2180 ad
2093 2120 2512 2197 navigandum,

587 2211 830 2284 praeter
858 2203 967 2263 has
995 2215 1182 2271 xxn,
1226 2220 1379 2281 quae
1421 2201 1703 2281 praesidii
1742 2220 1919 2263 causa
1948 2204 2339 2264 Alexandriae
2380 2222 2514 2264 esse

533 2297 571 2346 4
591 2294 978 2355 consuerant,
1038 2293 1369 2346 constratae
1429 2304 1666 2356 omnes;
1727 2303 1872 2363 quas
1931 2289 1983 2346 si
2042 2290 2511 2367 occupavissent,

589 2372 777 2432 classe
809 2371 1049 2431 Caesari
1079 2376 1283 2447 erepta
1313 2377 1553 2449 portum
1584 2388 1653 2430 ac
1681 2388 1845 2431 mare
1887 2377 2077 2431 totum
2117 2374 2180 2433 in
2210 2390 2317 2432 sua
2347 2380 2513 2451 pote-

590 2462 742 2515 state
772 2451 1091 2521 haberent,
1136 2462 1468 2514 commeatu
1500 2453 1857 2533 auxiliisque
1887 2454 2199 2515 Caesarem
2228 2456 2513 2534 prohibe-

534 2547 566 2596 6
592 2545 747 2598 rent.
825 2536 1031 2614 Itaque
1082 2541 1246 2596 tanta
1291 2544 1383 2596 est
1432 2539 1813 2598 contentione
1863 2545 2088 2610 actum,
2148 2549 2366 2617 quanta
2414 2543 2514 2619 agi

589 2620 825 2691 debuit,
873 2638 1010 2680 cum
1048 2620 1139 2679 illi
1168 2619 1426 2680 celerem
1454 2622 1517 2682 in
1548 2638 1618 2681 ea
1661 2639 1729 2682 re
1767 2624 2108 2691 victoriam,
2154 2623 2218 2683 hi
2262 2624 2514 2685 salutem

534 2715 568 2765 6
592 2724 759 2766 suam
779 2706 1110 2765 consistere
1132 2704 1428 2765 viderent.
1476 2704 1592 2765 Sed
1611 2723 1739 2765 rem
1763 2707 2023 2785 optinuit
2044 2707 2260 2767 Caesar
2275 2725 2514 2769 omnes-

587 2809 704 2869 que
729 2807 829 2850 eas
857 2806 1037 2849 naves
1066 2795 1126 2849 et
1156 2788 1437 2869 reliquaS,
1471 2807 1623 2868 quae
1654 2798 1830 2850 erant
1856 2792 1917 2850 in
1947 2790 2271 2862 navalibuS,
2304 2794 2514 2853 incen-

587 2876 694 2945 dit,
737 2874 894 2953 quod
935 2881 1056 2934 tam
1097 2873 1213 2933 late
1253 2874 1412 2934 tueri
1451 2891 1630 2953 parva
1661 2891 1843 2934 manu
1870 2892 1989 2935 non
2018 2882 2273 2953 poterat,
2305 2877 2515 2937 confe-

586 2961 844 3038 stimque
877 2957 949 3018 ad
981 2956 1240 3017 Pharum
1272 2955 1525 3018 navibus
1553 2956 1776 3018 milites
1808 2961 2102 3037 exposuit.

535 3051 564 3101 1
715 3041 891 3104 CXII.
951 3040 1180 3102 Pharus
1220 3047 1313 3101 est
1348 3041 1410 3100 in
1449 3041 1645 3101 insula
1687 3042 1876 3102 turris
1919 3059 2132 3120 magna
2176 3042 2512 3114 altitudine,

583 3127 855 3188 mirificis
884 3123 1170 3205 operibus
1200 3132 1500 3195 extructa;
1542 3142 1693 3203 quae
1737 3143 1954 3187 nomen
1996 3125 2071 3186 ab
2113 3128 2311 3189 insula’
2338 3146 2516 3189 acce-

531 3219 562 3269 2
586 3213 693 3287 pit.
762 3209 922 3270 Haec
966 3208 1161 3269 insula
1192 3207 1423 3269 obiecta
1452 3208 1844 3269 Alexandriae
1872 3216 2113 3288 portum
2144 3212 2358 3283 efficit;
2401 3214 2515 3275 sed

583 3312 617 3355 a
641 3291 1055 3373 superioribus
1075 3290 1424 3370 regionibus
1446 3292 1508 3352 in
1531 3291 1967 3369 longitudinem
1994 3312 2274 3373 passuum
2285 3307 2516 3359 Dcccc

583 3381 646 3438 in
687 3395 850 3437 mare
894 3378 1064 3437 iactis
1103 3373 1360 3436 molibus
1390 3383 1640 3453 angusto
1683 3378 1902 3438 itinere
1935 3385 1995 3438 et
2022 3386 2205 3458 ponte
2237 3397 2370 3441 cum
2400 3398 2513 3460 op-

529 3471 562 3520 3
585 3460 728 3541 pido
759 3462 1159 3537 coniungitur.
1217 3460 1286 3521 In
1326 3460 1439 3520 hac
1468 3469 1606 3521 sunt
1635 3461 1831 3522 insula
1861 3460 2161 3524 domicilia
2189 3465 2512 3542 Aegyptio-

579 3562 718 3606 rum
765 3551 824 3605 et
873 3544 1035 3605 vicus
1086 3543 1292 3624 oppidi
1333 3544 1776 3622 magnitudine;
1829 3564 2099 3627 quaeque
2140 3547 2231 3608 ibi
2272 3565 2515 3626 cunque
