2750 4255
719 307 2186 372 COMM.11.GAP.XXX—XXXI1.59

226 480 622 555 maynaque
658 491 734 536 ex
751 476 942 554 parte
966 472 1103 537 iam
1136 492 1234 536 me
1270 491 1410 537 una
1448 471 1761 537 vobiscum
1799 473 1873 538 de
1910 493 1980 538 re
2016 474 2185 539 iudi-

229 557 431 621 cium
457 555 780 636 facturum
807 557 1068 638 confido.

386 642 633 704 XXXII.
691 641 951 703 Dimisso
982 643 1234 703 consilio
1263 645 1603 704 contionem
1634 643 1880 704 advocat
1905 644 2183 706 militum.
2208 654 2232 704 1

232 727 727 797 Commemorat,
786 745 904 806 quo
947 729 1027 788 sit
1067 744 1273 787 eorum
1324 744 1472 787 usus
1511 727 1710 788 studio
1748 727 1821 788 ad
1864 727 2183 790 Corfinium

235 811 511 882 Caesar,
556 818 623 871 ut
649 827 924 888 magnam
953 818 1185 890 partem
1214 810 1418 872 Italiae
1449 809 1744 871 beneficio
1780 819 1955 891 atque
1986 820 2185 873 aucto-

234 898 440 956 ritate
471 913 676 956 eorum
698 912 864 955 suam
894 895 1129 955 fecerit.
1188 891 1311 957 Vos
1337 891 1506 956 enim
1531 896 1921 974 vestrumque
1942 893 2183 974 factum
2204 909 2237 957 2

237 975 1499 1157 Ξίᾜῖἒωὲἓᾳέιιῑὸαῗεῖἵωέῗῶἕέἵρμᾴῖ
1522 980 1694 1125 5313}ss
1710 982 1920 1126 {2⁶35}
1931 998 2187 1143 &zzz-‘²235

242 1146 417 1209 sime
455 1145 908 1209 iudicaverunt.
971 1141 1311 1225 Pompeius
1349 1144 1518 1208 enim
1558 1145 1731 1208 nulio
1760 1145 2126 1228 proeliopu
2129 1147 2177 1212 l-
2202 1160 2234 1206 3

244 1248 368 1293 sus
426 1229 615 1293 vestri
666 1227 827 1308 facti
874 1229 1274 1310 praeiudicio
1324 1228 1601 1292 demotus
1648 1227 1851 1293 Italia
1900 1232 2184 1310 excessit,-

249 1311 505 1378 C'aesar
533 1332 659 1391 me,
702 1332 885 1393 quem
910 1312 1034 1376 sibi
1074 1312 1473 1376 carissimum
1500 1311 1750 1390 habuit,
1782 1315 2185 1394 provinciam

246 1396 551 1462 Siciliam
579 1400 764 1477 atque
788 1394 1115 1476 Africam,
1157 1397 1293 1460 sine
1321 1396 1548 1476 quibus
1571 1395 1791 1460 urbem
1828 1401 2013 1477 atque
2044 1397 2183 1462 Ita-

249 1481 418 1545 liam
457 1480 621 1544 tueri
647 1499 778 1544 non
791 1484 1020 1562 potest,
1063 1484 1301 1544 vestrae
1337 1480 1488 1563 fidei
1514 1481 1837 1545 commisit.
1906 1479 2176 1561 Adsunt,
2203 1494 2237 1542 4

250 1565 369 1646 qui
405 1583 515 1628 vos
553 1564 906 1643 hortentur,
953 1568 1027 1629 ut
1062 1585 1105 1628 a
1134 1565 1313 1629 nobis
1350 1564 1716 1628 desciscatis.
1810 1563 1981 1643 Quid
2016 1567 2184 1630 enim

252 1653 344 1713 est
371 1648 503 1712 illis
529 1649 820 1731 optatius,
852 1668 1046 1729 quam
1071 1667 1199 1712 uno
1229 1651 1496 1730 tempore
1522 1651 1582 1712 et
1599 1667 1715 1712 nos
1741 1649 2184 1716 circumvenire

253 1736 313 1796 et
351 1751 461 1797 vos
487 1733 734 1812 nefario
774 1733 992 1797 scelere
1031 1731 1457 1814 obstrinyere?
1511 1735 1631 1796 aut
1657 1733 1814 1813 quid
1848 1734 2006 1798 irati
2028 1755 2183 1816 yra-

255 1815 401 1880 vius
426 1815 500 1878 de
525 1816 697 1880 vobis
721 1816 949 1879 sentire
967 1819 1249 1896 possunt,
1283 1835 1477 1896 quam
1503 1820 1577 1881 ut
1603 1835 1701 1880 eos
1717 1818 2039 1897 prodatis,
2071 1819 2184 1898 qui

257 1917 323 1963 se
368 1898 541 1962 vobis
582 1899 800 1962 omnia
843 1898 1054 1962 debere
1091 1899 1406 1976 iudicant,
1463 1899 1538 1961 in
1574 1918 1788 1962 eorum
1819 1904 2183 1998 potestatem
2290 1903 2314 1921 ⁵

258 1983 545 2059 veniatis,
578 1982 690 2061 qui
714 2000 779 2045 se
796 2001 918 2062 per
944 1999 1052 2044 vos
1068 1981 1309 2062 perisse
1336 1981 1743 2045 existimant?
1796 1980 1910 2046 An
1936 2002 2079 2047 vero
2106 1985 2181 2048 in
2200 1996 2233 2046 5

259 2065 593 2149 Hispania
632 2084 733 2130 res
767 2069 976 2147 yestas
1005 2063 1300 2130 Caesaris
1335 2082 1467 2129 non
1497 2064 1811 2129 audistis?
1854 2066 2010 2131 duos
2026 2068 2177 2149 pul-

261 2170 358 2216 sos
407 2151 736 2216 exereitus.
725 2148 759 2197 9
829 2150 985 2214 duos
1030 2152 1356 2229 superatos
1405 2149 1612 2213 duces.
1602 2147 1634 2195 9
1698 2149 1860 2214 duas
1909 2156 2183 2232 receptas

259 2234 663 2317 provincias?
704 2233 854 2299 haec
883 2237 1028 2298 acta
1054 2233 1270 2297 diebus
1295 2250 1404 2311 xz,
1449 2232 1674 2314 quibus
1700 2234 1773 2297 in
1800 2239 2182 2315 conspectum

265 2319 770 2384 adversariorum
795 2319 1032 2382 venerit
1061 2316 1345 2382 Caesar?
1385 2316 1531 2397 An,
1572 2318 1683 2398 qui
1708 2318 2044 2383 incolumes
2082 2340 2179 2385 re·
2202 2333 2235 2381 6

264 2404 471 2468 sistere
497 2423 627 2467 non
644 2406 1016 2484 potuerunt,
1035 2402 1278 2483 perditi
1303 2400 1646 2466 resistant?
1685 2421 1793 2467 vos
1833 2406 2041 2467 autem
2080 2404 2179 2469 in-

267 2492 426 2551 eerta
480 2487 744 2551 victoria
797 2451 1131 2562 Gaesarem
1185 2486 1378 2551 secuti
1434 2486 1785 2551 diiudicata
1839 2487 1976 2551 iam
2039 2487 2183 2553 belli

265 2570 518 2650 fortuna
556 2572 788 2635 victum
826 2589 891 2635 se
929 2569 1184 2635 uamini
1196 2617 1213 2650 ,
1257 2589 1400 2635 cum
1440 2570 1631 2635 vestri
1668 2570 1863 2653 officii
1886 2573 2181 2652 praemia

266 2654 565 2735 percipere
603 2655 870 2719 debeatis
957 2653 1252 2719 Desertos
1287 2655 1457 2719 enim
1493 2673 1560 2719 se
1587 2673 1664 2719 ac
1679 2655 1965 2736 proditos
2003 2677 2047 2720 a
2072 2676 2177 2721 vo-
2200 2668 2230 2718 '1

272 2737 361 2801 bis
410 2738 628 2802 dicunt
674 2742 733 2803 et
767 2739 1014 2819 prioris
1060 2739 1443 2803 sacramenti
1493 2740 1863 2804 mentionem
1907 2739 2175 2820 faciunt.

287 2819 474 2885 Vosne
516 2840 658 2885 vero
700 2820 779 2884 L.
810 2820 1191 2900 Domitium,
1237 2842 1328 2887 an
1364 2841 1472 2886 vos
1498 2821 1823 2887 Domitius
1863 2823 2175 2889 deseruit?
2196 2837 2227 2885 8

275 2902 491 2969 Nonne
532 2908 869 2969 extremam
899 2907 1046 2987 pati
1081 2905 1410 2986 fortunam
1437 2909 1708 2986 paratos
1723 2906 1991 2986 proiecit
2028 2907 2159 2972 iile.
2148 2906 2180 2954 9

275 3008 467 3052 nonne
491 2988 614 3052 sibi
643 2988 804 3051 clam
830 2990 1003 3053 vobis
1027 2990 1294 3055 salutem
1319 2987 1481 3070 fuya
1500 2989 1768 3070 petivit?
1793 3008 2004 3054 nonne
2022 3009 2175 3071 pro-

275 3073 383 3137 diti
404 3092 527 3155 per
564 3071 745 3136 illum
777 3070 1069 3137 Caesaris
1106 3073 1399 3171 beneficio
1437 3072 1582 3137 estis
1621 3074 1989 3137 conservati.
1978 3073 2011 3120 9
2053 3073 2174 3138 Sa-
2196 3088 2227 3136 9

277 3159 572 3221 eramento
614 3155 864 3237 quidem
899 3175 1007 3220 vos
1045 3161 1247 3221 tenere
1285 3156 1399 3239 qui
1427 3158 1668 3239 potuit,
1714 3176 1855 3221 cum
1885 3157 2180 3255 proiectis

276 3239 532 3320 fascibus
571 3243 630 3304 et
670 3239 938 3319 deposito
976 3240 1238 3321 imperio
1268 3240 1567 3323 privatus
1608 3244 1665 3305 et
1692 3244 1912 3323 captus
1937 3242 2071 3323 ipse
2106 3242 2181 3307 in

281 3324 538 3389 alienam
563 3323 825 3388 venisset
838 3326 1229 3404 potestatem.
1216 3324 1248 3372 9
1293 3324 1703 3406 Relinquitur
1731 3344 1897 3390 nova
1935 3326 2174 3407 reticio,

208 3482 217 3492 .
281 3411 344 3471 ut
383 3427 444 3473 eo
493 3408 757 3490 neylecto
805 3410 1218 3487 saeramerto,
1277 3428 1398 3489 ραο
1447 3410 1775 3489 tenemini,
1826 3410 2180 3492 respiciatis

282 3490 446 3571 alud,
491 3492 657 3573 quod
692 3491 999 3557 deditione
1028 3491 1203 3556 ducis
1229 3495 1289 3555 et
1315 3492 1540 3574 capitis
1581 3494 2003 3559 deminutione
2030 3494 2177 3559 sub-

283 3574 458 3641 latum
505 3579 609 3641 est.
687 3573 807 3657 At,
859 3575 1064 3655 cred0,
1119 3576 1189 3660 si
1219 3574 1553 3642 Caesarem
1590 3577 1915 3661 probatis,
1966 3579 2040 3644 in
2087 3598 2185 3645 me
2216 3592 2280 3641 ιο
