2750 4255
634 190 756 258 118
1286 195 1384 252 DE
1424 195 1653 253 BELLO
1696 194 1917 252 clv1L1

628 365 985 442 nuntiosque
1018 362 1294 424 dimissos
1339 362 1414 423 ad
1454 380 1586 433 eoS,
1630 364 1733 441 qui
1772 379 1835 422 se
1878 379 1952 421 ex
1991 361 2132 438 fuga
2173 363 2239 422 in
2268 361 2536 422 finitimas

631 448 899 509 civitates
928 448 1229 526 recepisse
1263 446 1628 514 dicerentur,
1671 463 1748 505 ne
1777 444 2153 506 Antiochiam
2183 445 2441 506 adirent:
2481 445 2534 504 id

574 539 611 591 7
634 535 685 594 si
714 534 1014 601 fecissent,
1047 548 1262 608 magno
1280 548 1487 590 eorum
1508 529 1718 610 capitis
1746 528 2015 609 periculo
2045 531 2332 590 futurum.
2384 529 2536 589 Idem

628 617 743 679 hoc
771 615 837 676 L.
869 615 1149 684 Lentulo,
1193 616 1296 693 qui
1336 615 1644 694 superiore
1686 631 1840 674 anno
1880 613 2086 673 consul
2124 615 2347 683 suerat,
2392 620 2449 673 et
2477 613 2535 673 P.

627 700 880 761 Lentulo
909 699 1204 761 consulari
1245 716 1315 759 ac
1342 697 1643 759 nonnullis
1680 697 1811 758 aliis
1854 697 2151 758 acciderat
2179 696 2403 767 Rhodi;
2442 699 2539 775 qui

629 799 766 845 cum
808 802 881 845 ex
930 786 1069 862 fuga
1109 782 1459 862 Pompeium
1510 789 1906 860 sequerentur
1950 788 2126 860 atque
2178 783 2242 841 in
2292 780 2539 841 insulam

628 870 959 938 venissent,
1003 867 1221 946 oppido
1252 884 1327 934 ac,
1359 872 1539 946 portu
1579 867 1813 945 recepti
1857 883 1976 925 non
2018 874 2188 925 erant
2228 867 2538 943 missisque

628 953 702 1012 ad
734 970 835 1013 eos
863 953 1111 1021 nuntiis,
1145 958 1210 1011 ut
1241 969 1313 1010 ex
1342 951 1434 1010 his
1476 949 1626 1010 locis
1655 949 2062 1018 discederent,
2106 956 2315 1009 contra
2344 949 2539 1010 volun-

571 1043 608 1095 8
628 1042 814 1097 tatem
844 1053 1008 1095 suam
1036 1052 1215 1096 naves
1245 1034 1567 1095 solverunt.
1618 1033 1859 1112 Iamque
1886 1033 1958 1092 de
1992 1032 2261 1093 Caesaris
2290 1033 2538 1094 adventu

626 1121 783 1180 fama
814 1119 887 1180 ad
917 1120 1189 1179 civitates
1216 1117 1654 1198 perferebatur.

576 1210 605 1262 1
756 1202 902 1264 CIII.
969 1201 1198 1272 Quibus
1237 1200 1489 1280 cognitis
1538 1201 1719 1262 rebus
1757 1201 2077 1279 Pompeius
2128 1201 2401 1281 deposito
2445 1201 2538 1261 ad·

627 1287 854 1349 eundae
905 1286 1112 1366 Syriae
1163 1286 1407 1346 consilio
1463 1287 1717 1363 pecunia
1766 1287 2069 1345 societatis
2117 1284 2351 1346 sublata
2404 1294 2463 1345 et
2509 1303 2539 1344 a

626 1371 982 1451 quibusdam
1031 1373 1278 1448 privatis
1321 1377 1555 1447 sumpta
1595 1376 1655 1428 et
1705 1369 1861 1429 aeris
1900 1385 2111 1446 magno
2161 1370 2430 1449 pondere
2473 1369 2540 1429 ad

625 1456 945 1516 militarem
974 1473 1148 1515 usum
1175 1457 1239 1515 in
1266 1470 1449 1513 naves
1488 1455 1747 1532 inposito
1779 1452 2125 1532 duobusque
2155 1453 2405 1514 milibus
2442 1453 2536 1513 ho-

623 1542 851 1600 minum
884 1540 1156 1607 armatiS,
1198 1539 1419 1617 partim
1448 1554 1597 1614 quos
1626 1556 1700 1597 ex
1726 1536 1971 1597 familiis
2000 1539 2356 1598 societatum
2388 1538 2536 1598 dele·

625 1627 809 1700 gerat,
840 1624 1056 1701 partim
1087 1641 1120 1682 a
1148 1620 1625 1699 negotiatoribus
1655 1625 1957 1698 coegerat,
2001 1639 2265 1700 quosque
2309 1640 2385 1682 ex
2423 1623 2537 1682 suis

625 1707 876 1786 quisque
908 1705 981 1765 ad
1010 1706 1161 1766 hanc
1191 1723 1320 1765 rem
1348 1704 1599 1766 idoneos
1629 1704 2035 1774 existimabat,
2079 1705 2384 1766 Pelusium
2409 1723 2534 1785 per·

569 1799 604 1848 2
625 1791 807 1851 venit.
866 1789 958 1850 Ibi
988 1807 1129 1851 casu
1156 1807 1265 1851 rex
1295 1795 1426 1849 erat
1452 1788 1842 1858 Ptolemaeus,
1885 1807 2037 1869 puer
2068 1795 2277 1859 aetate,
2315 1791 2536 1867 magnis

623 1875 811 1953 copiis
840 1891 975 1934 cum
1005 1892 1208 1935 sorore
1240 1873 1551 1953 Cleopatra
1580 1871 1801 1933 bellum
1831 1889 2077 1949 gerens,
2121 1892 2300 1952 quam
2339 1874 2536 1954 paucis

622 1966 759 2019 ante
801 1958 1108 2019 mensibus
1147 1975 1260 2038 per
1289 1974 1427 2018 suos
1469 1959 1834 2036 propinquos
1874 1965 2053 2033 atque
2095 1960 2319 2019 amicos
2358 1975 2533 2035 regno

623 2041 961 2122 expulerat;
1005 2047 1314 2120 castraque
1346 2041 1694 2119 Cleopatrae
1723 2059 1843 2102 non
1881 2041 2055 2118 longo
2085 2044 2277 2119 spatio
2308 2041 2383 2103 ab
2414 2044 2535 2101 eius

567 2134 602 2184 3
624 2127 838 2188 castris
860 2124 1173 2187 distabant.
1225 2125 1313 2186 Ad
1337 2143 1475 2186 eum
1496 2125 1818 2206 Pompeius
1838 2125 2018 2195 misit,
2049 2134 2114 2187 ut
2142 2145 2253 2205 pro
2283 2127 2534 2207 hospitio

622 2215 797 2290 atque
840 2212 1100 2271 amicitia
1141 2212 1329 2288 patris
1358 2210 1712 2270 Alexandria
1753 2213 2129 2289 reciperetur
2164 2219 2343 2290 atque
2384 2211 2533 2271 illius

565 2301 603 2350 4
623 2293 840 2374 opibus
867 2296 932 2354 in
950 2294 1278 2354 calamitate
1308 2300 1635 2371 tegeretur.
1683 2293 1801 2354 Sed
1830 2296 1933 2373 qui
1966 2293 2039 2354 ab
2064 2312 2135 2354 eo
2156 2297 2326 2356 missi
2351 2302 2531 2363 erant,

620 2378 890 2437 confecto
938 2376 1253 2454 legationis
1302 2379 1498 2439 officio
1549 2378 1801 2439 liberius
1851 2396 1985 2439 cum
2036 2378 2329 2440 militibus
2381 2380 2535 2456 regis

618 2461 874 2540 colloqui
903 2468 1229 2540 coeperunt
1258 2480 1478 2542 eosque
1506 2461 1759 2534 hortari,
1784 2469 1851 2523 ut
1880 2479 2053 2522 suum
2082 2463 2343 2524 officium
2365 2463 2532 2524 Pom-

563 2551 599 2602 5
619 2545 753 2624 peio
779 2550 1152 2621 praestarent
1180 2564 1329 2607 neve
1361 2549 1492 2607 eius
1520 2547 1822 2607 fortunam
1852 2546 2249 2625 despicerent.
2316 2546 2386 2608 In
2424 2547 2533 2607 hoc

619 2636 790 2689 erant
827 2646 1079 2688 numero
1119 2630 1455 2711 complures
1495 2628 1744 2710 Pompei
1786 2631 2037 2700 militeS,
2089 2647 2237 2708 quos
2279 2648 2355 2692 ex
2406 2633 2533 2691 eius

617 2713 885 2773 exercitu
916 2720 1190 2793 acceptos
1219 2716 1280 2774 in
1313 2713 1485 2794 Syria
1514 2714 1802 2776 Gabinius
1819 2714 2229 2776 Alexandriam
2259 2715 2533 2776 traduxe-

615 2803 710 2942 ra}
760 2796 1033 2878 belloque
1074 2798 1345 2858 confecto
1389 2798 1546 2878 apud
1584 2797 2016 2869 Ptolemaeum,
2072 2805 2305 2877 patrem
2344 2798 2531 2878 pueri,

614 2899 682 2941 re
706 2883 961 2960 iquerat.

561 2972 593 3022 1
740 2965 912 3027 CIIlI.
984 2965 1092 3027 His
1131 2973 1274 3027 tunc
1304 2969 1558 3044 cognitis
1587 2966 1769 3028 rebus
1798 2968 1976 3027 amici
2012 2966 2172 3045 regis
2246 2970 2350 3047 qui
2392 2985 2530 3048 pro·

613 3056 750 3128 pter
788 3055 1040 3111 aetatem
1079 3052 1210 3111 eius
1249 3052 1312 3110 in
1344 3053 1649 3112 curatione
1694 3058 1866 3111 erant
1906 3052 2109 3128 regni,
2157 3051 2277 3111 sive
2320 3052 2529 3113 timore

616 3133 869 3204 adducti,
901 3140 969 3194 ut
997 3140 1200 3212 postea
1229 3134 1671 3213 praedicabant,
1705 3134 2015 3195 sollicitato
2046 3137 2315 3197 exercitu
2343 3136 2525 3213 regio,

610 3236 688 3277 ne
727 3216 1046 3296 Pompeius
1084 3217 1500 3278 Alexandriam
1528 3221 1972 3298 Aegyptumque
2016 3227 2359 3297 occuparet,
2404 3221 2525 3280 sive

610 3301 890 3379 despecta
921 3302 1051 3360 eius
1078 3302 1337 3370 fortuna,
1369 3307 1436 3361 ut
1464 3302 1813 3381 plerumque
1841 3305 1905 3363 in
1928 3303 2261 3364 calamitate
2286 3321 2359 3363 ex
2382 3304 2524 3363 ami·

608 3387 698 3445 cis
726 3385 958 3443 inimici
989 3385 1267 3454 existunt,
1300 3384 1417 3454 his,
1451 3388 1554 3465 qui
1598 3393 1767 3446 erant
1805 3385 1881 3446 ab
1914 3405 1983 3448 eo
2015 3389 2200 3457 missi,
2234 3387 2427 3465 palam
2455 3386 2522 3445 li·

606 3466 893 3528 beraliter
915 3468 1353 3550 responderunt
1377 3487 1628 3550 eumque
1654 3470 1727 3531 ad
1748 3488 1953 3548 regem
1965 3474 2167 3531 venire
2189 3473 2521 3538 iusserunt:

566 3809 583 3846 ω’
606 3929 783 4138 '112

2668 324 2670 429 l
