2750 4255
571 304 799 362 COMM.
824 304 923 360 ΠΙ.
980 303 1134 361 ΟΑΡ.
1162 303 1791 360 Lxxxn--LXXXVL
2020 296 2145 363 109

200 472 499 534 effectum
517 517 533 540 ,
575 479 644 530 ut
685 473 952 550 equitum
991 470 1156 531 mille
1197 472 1377 531 etiam
1417 469 1818 550 apertioribus
1855 469 2005 531 locis
2040 483 2145 532 vn

198 557 456 619 milium
485 554 982 635 Pompeianorum
1010 555 1296 634 inpetum,
1331 572 1465 615 cum
1495 554 1729 615 adesset
1757 571 1919 624 usuS,
1964 556 2142 615 susti·

200 659 370 702 nere
402 639 693 700 auderent
730 657 924 719 neque
953 656 1312 719 magnopere
1355 656 1562 699 eorum
1589 638 1979 720 ‘multitudine
2021 646 2143 698 ter-

199 731 524 785 rerentur.
592 722 858 802 Namque
901 725 1081 784 etiam
1119 741 1230 802 per
1273 742 1378 784 eos
1413 724 1543 784 dies
1585 723 1880 802 proelium
1928 731 2195 782 secun-5

201 812 365 870 dum
409 814 686 888 equestre
729 809 878 869 fecit
917 815 1094 886 atque
1138 825 1321 868 unum
1361 806 1737 885 Allobrogem
1777 824 1850 866 ex
1889 805 2140 876 duobus,

201 911 375 974 quos
403 893 739 972 perfugisse
771 892 844 952 ad
872 891 1219 971 Pompeium
1253 910 1434 971 supra
1461 891 1799 961 docuimuS,
1845 908 1980 950 cum
2010 893 2143 969 qui-

202 977 478 1039 busdam
508 977 835 1037 interfecit.

349 1060 634 1122 LXXXV.
693 1059 1033 1138 Pompeius,
1076 1063 1180 1139 qui
1221 1067 1417 1120 castra
1457 1062 1522 1120 in
1552 1058 1701 1120 colle
1744 1058 2020 1128 habebat,
2068 1059 2140 1119 ad
2165 1067 2194 1117 1

202 1147 461 1208 infimas
501 1143 736 1205 radices
773 1146 995 1205 montis
1024 1147 1214 1205 aciem
1253 1142 1611 1212 instruebat,
1654 1162 1909 1223 semper,
1950 1151 2017 1204 ut
2055 1146 2143 1203 vi-

207 1229 498 1299 debatur,
545 1235 884 1308 expectanS,
925 1230 979 1290 si
1018 1230 1242 1307 iniquis
1285 1228 1435 1289 locis
1464 1228 1679 1289 Caesar
1720 1245 1782 1287 se
1815 1226 2141 1288 subiceret.

206 1316 445 1377 Caesar
485 1313 644 1373 nulla
693 1315 924 1374 ratione
966 1313 1039 1374 ad
1089 1330 1347 1391 pugnam
1390 1311 1528 1371 elici
1576 1328 1751 1391 posse
1790 1310 2196 1390 Pompeium2

210 1398 571 1460 existimans
612 1398 767 1458 hanc
807 1396 925 1458 sibi
964 1397 1505 1457 commodissimam
1550 1394 1691 1456 belli
1730 1395 2023 1455 rationem
2052 1396 2144 1456 iu·

210 1485 477 1552 dicavit,
521 1484 612 1542 uti
652 1488 845 1543 castra
885 1500 958 1542 ex
998 1500 1069 1541 eo
1122 1481 1250 1541 loco
1289 1486 1557 1541 moveret
1595 1497 1948 1558 semperque
1990 1486 2147 1539 esset

212 1570 283 1628 in
318 1565 673 1636 itineribuS,
708 1562 865 1626 haec
897 1573 1202 1646 spectanS,
1247 1572 1314 1625 ut
1351 1564 1661 1625 movendis
1702 1565 1915 1624 castris
1955 1564 2143 1642 pluri-

213 1651 459 1732 busque
491 1650 780 1711 adeundis
806 1651 957 1711 locis
986 1650 1388 1710 commodiore
1418 1667 1486 1709 re
1527 1650 1918 1721 frumentaria
1947 1654 2144 1708 utere·

215 1745 345 1807 tur,
377 1735 671 1814 simulque
701 1737 766 1794 in
795 1736 1015 1795 itinere
1046 1741 1113 1794 ut
1141 1735 1397 1813 aliquam
1423 1735 1796 1794 occasionem
1826 1732 2146 1794 dimicandi

214 1822 676 1880 nancisceretur
707 1825 768 1878 et
796 1819 1103 1880 insolitum
1134 1818 1206 1878 ad
1239 1816 1508 1878 laborem
1536 1817 1785 1896 Pompei
1816 1819 2145 1877 exercitum

209 1904 547 1964 cotidianis
584 1901 908 1964 itineribus
941 1903 1318 1980 defatigaret.
1402 1901 1510 1961 His
1548 1902 1889 1961 constitutis
1936 1900 2139 1969 rebus,
2164 1909 2199 1958 8

216 1991 403 2065 signo
433 1987 551 2045 iam
580 1986 967 2064 profectionis
999 1986 1136 2047 dato
1177 1985 1695 2064 tabernaculisque
1725 1984 1990 2061 detensis
2018 1987 2144 2045 ani-

216 2071 609 2133 madversum
640 2076 760 2139 est,
802 2070 977 2150 paulo
1008 2079 1142 2132 ante
1183 2077 1350 2132 extra
1380 2070 1737 2131 cotidianam
1766 2069 2147 2130 consuetudi·

217 2174 367 2217 nem
410 2153 647 2231 longius
688 2173 721 2215 a
765 2154 911 2214 vallo
942 2173 1071 2215 esse
1113 2158 1302 2217 aciem
1335 2155 1586 2235 Pompei
1626 2171 2039 2234 progressam,
2081 2162 2148 2215 ut

219 2258 349 2300 non
389 2240 596 2318 iniquo
634 2238 767 2299 loco
807 2256 982 2318 posse
1027 2239 1301 2301 dimicari
1341 2240 1665 2300 videretur.
1735 2238 1904 2299 Tunc
1934 2238 2203 2300 Caesar4

223 2323 388 2403 apud
419 2341 575 2392 suos,
607 2340 742 2382 cum
773 2325 893 2383 iam
924 2331 1081 2384 esset
1111 2342 1323 2402 agmen
1353 2327 1417 2384 in
1451 2326 1661 2403 portiS,
1703 2318 2149 2418 Differentiam

220 2408 335 2483 est,
359 2408 571 2485 inquit,
601 2404 722 2468 iter
749 2405 822 2468 in
838 2406 1204 2487 praesentia
1231 2406 1411 2470 nobis
1432 2409 1489 2471 et
1516 2406 1591 2469 de
1606 2405 1847 2487 proelio
1872 2404 2147 2487 coqitan-

220 2493 380 2566 tum,
411 2489 572 2552 sicut
597 2507 835 2571 semper
863 2489 1340 2571 depoposcimus.
1410 2488 1649 2554 Animo
1687 2488 1887 2553 simus
1926 2489 2015 2553 ad
2053 2488 2149 2553 di-

220 2572 596 2637 micandum
610 2572 874 2654 parati;
902 2593 1032 2637 non
1049 2573 1239 2653 facile
1259 2573 1638 2639 occasionem
1646 2577 1867 2655 postea
1886 2573 2149 2656 reperie-

220 2676 404 2722 mus:
432 2660 864 2740 confestimque
904 2661 1214 2739 expeditas
1244 2663 1450 2741 copias
1480 2662 1702 2722 educit.

356 2742 667 2804 LXXXVI.
726 2744 1046 2823 Pompeius
1075 2763 1329 2825 quoque,
1373 2753 1442 2806 ut
1468 2753 1674 2826 postea
1703 2746 2006 2823 cognitum
2038 2752 2146 2816 est,
2173 2753 2202 2803 1

223 2846 476 2889 suorum
500 2830 764 2888 omnium
786 2828 1026 2889 hortatu
1048 2836 1337 2890 statuerat
1357 2831 1586 2909 proelio
1600 2830 1931 2890 decertare.
1969 2828 2147 2890 Nam-

224 2930 349 2991 que
383 2913 563 2971 etiam
593 2914 657 2971 in
687 2912 936 2972 consilio
969 2912 1385 2991 superioribus
1416 2914 1628 2975 diebus
1657 2915 1905 2983 dixerat,
1950 2915 2150 2992 prius·

226 3015 410 3075 quam
441 3003 870 3056 concurrerent
901 2998 1079 3066 acies,
1111 2997 1240 3057 fore
1271 3000 1360 3057 uti
1393 3001 1693 3059 exercitus
1722 2999 1993 3059 Caesaris
2024 2996 2148 3077 pel-

226 3080 475 3140 leretur.
527 3079 592 3139 Id
618 3098 748 3140 cum
774 3088 974 3141 essent
1001 3080 1275 3159 plerique
1300 3080 1599 3153 admirati,
1624 3078 1767 3144 Scio
1793 3099 1907 3158 me,
1930 3084 2145 3161 inquit,
2170 3091 2202 3140 2

219 3180 427 3259 pac-ne
452 3160 880 3225 incredibilem
907 3182 1040 3226 rem
1065 3163 1388 3245 polliceri,·
1426 3164 1535 3228 sed
1568 3164 1879 3229 rationem
1906 3164 2153 3229 consilii

229 3245 354 3309 mei
382 3245 654 3326 accipite,
683 3264 802 3325 quo
829 3244 1110 3327 firmiore
1139 3248 1354 3311 animo
1384 3249 1456 3311 in
1470 3248 1789 3328 proelium
1806 3248 2148 3330 prodeatis.

233 3324 540 3393 Persuasi
569 3328 876 3410 equitibus
902 3331 1151 3409 nostris,
1193 3331 1382 3429 idque
1416 3330 1574 3395 mihi
1610 3330 1893 3411 facturos
1920 3333 2203 3415 confir-3

230 3417 577 3492 macerant,
608 3417 697 3492 ut,
728 3433 870 3478 cam
886 3415 1157 3496 propias
1183 3415 1268 3479 sit
1306 3434 1633 3493 accessum,
1679 3416 1965 3480 demum
1997 3415 2150 3482 Cae-

231 3496 400 3560 saris
439 3517 632 3561 cornu
671 3497 752 3562 ab
794 3497 984 3563 latere
1025 3503 1239 3581 aperto
1269 3499 1756 3581 adgrederentur
1798 3504 1857 3564 et
1892 3502 2149 3565 circum-

233 3585 416 3645 venta
445 3581 524 3645 ab
554 3585 721 3665 teryo
752 3583 884 3648 acie
912 3583 1105 3665 prius
1134 3584 1577 3666 perturbatum
1607 3583 1941 3649 exercitum
1960 3586 2148 3666 pelle-
