<?xml version="1.0" encoding="UTF-8"?>
<!DOCTYPE html PUBLIC "-//W3C//DTD XHTML 1.0 Transitional//EN"
    "http://www.w3.org/TR/xhtml1/DTD/xhtml1-transitional.dtd">
<html xmlns="http://www.w3.org/1999/xhtml" xml:lang="en" lang="en">
 <head>
  <title>
</title>
<meta http-equiv="Content-Type" content="text/html;charset=utf-8" />
  <meta name='ocr-system' content='tesseract 3.04.00' />
  <meta name='ocr-capabilities' content='ocr_page ocr_carea ocr_par ocr_line ocrx_word'/>
</head>
<body>
  <div class='ocr_page' id='page_1' title='image "./commentariidebe01caesgoog_0100.png"; bbox 0 0 2750 4255; ppageno 0'>
   <div class='ocr_carea' id='block_1_1' title="bbox 612 268 1892 364">
    <p class='ocr_par' dir='ltr' id='par_1_1' title="bbox 612 268 1892 364">
     <span class='ocr_line' id='line_1_1' title="bbox 612 268 1892 364; baseline -0.005 0"><span class='ocrx_word' id='word_1_1' title='bbox 612 296 698 364; x_wconf 87' lang='lat'><strong>96</strong></span> <span class='ocrx_word' id='word_1_2' title='bbox 743 268 746 271; x_wconf 51' lang='grc'>’</span> <span class='ocrx_word' id='word_1_3' title='bbox 1256 301 1353 357; x_wconf 71' lang='lat' dir='ltr'><strong>nu</strong></span> <span class='ocrx_word' id='word_1_4' title='bbox 1396 301 1626 360; x_wconf 68' lang='lat' dir='ltr'><strong>nunno</strong></span> <span class='ocrx_word' id='word_1_5' title='bbox 1673 301 1892 358; x_wconf 80' lang='lat' dir='ltr'><strong>cmm</strong></span> 
     </span>
    </p>
   </div>
   <div class='ocr_carea' id='block_1_2' title="bbox 552 467 2559 3673">
    <p class='ocr_par' dir='ltr' id='par_1_2' title="bbox 560 467 2555 886">
     <span class='ocr_line' id='line_1_2' title="bbox 560 467 2552 549; baseline 0.001 -21"><span class='ocrx_word' id='word_1_6' title='bbox 560 479 594 528; x_wconf 78' lang='lat'><em>2</em></span> <span class='ocrx_word' id='word_1_7' title='bbox 617 468 862 532; x_wconf 73' lang='lat' dir='ltr'>Gallicis</span> <span class='ocrx_word' id='word_1_8' title='bbox 902 468 1080 530; x_wconf 90' lang='lat' dir='ltr'><strong>bellis</strong></span> <span class='ocrx_word' id='word_1_9' title='bbox 1117 469 1342 547; x_wconf 90' lang='lat' dir='ltr'><strong>optima</strong></span> <span class='ocrx_word' id='word_1_10' title='bbox 1369 469 1814 549; x_wconf 85' lang='lat' dir='ltr'><strong>fortissimaque</strong></span> <span class='ocrx_word' id='word_1_11' title='bbox 1843 475 1976 529; x_wconf 87' lang='lat' dir='ltr'><strong>erat</strong></span> <span class='ocrx_word' id='word_1_12' title='bbox 2007 485 2172 530; x_wconf 85' lang='lat' dir='ltr'><strong>usus.</strong></span> <span class='ocrx_word' id='word_1_13' title='bbox 2244 467 2358 530; x_wconf 84' lang='lat' dir='ltr'><strong>His</strong></span> <span class='ocrx_word' id='word_1_14' title='bbox 2391 469 2552 530; x_wconf 84' lang='lat' dir='ltr'><strong>domi</strong></span> 
     </span>
     <span class='ocr_line' id='line_1_3' title="bbox 615 552 2553 634; baseline -0.001 -18"><span class='ocrx_word' id='word_1_15' title='bbox 615 554 693 616; x_wconf 91' lang='lat' dir='ltr'><strong>ob</strong></span> <span class='ocrx_word' id='word_1_16' title='bbox 721 554 829 615; x_wconf 88' lang='lat' dir='ltr'><strong>has</strong></span> <span class='ocrx_word' id='word_1_17' title='bbox 858 571 1070 615; x_wconf 77' lang='lat' dir='ltr'>causas</span> <span class='ocrx_word' id='word_1_18' title='bbox 1099 553 1498 634; x_wconf 87' lang='lat' dir='ltr'><strong>amplissimos</strong></span> <span class='ocrx_word' id='word_1_19' title='bbox 1535 555 1920 631; x_wconf 80' lang='lat' dir='ltr'><strong>magistratus</strong></span> <span class='ocrx_word' id='word_1_20' title='bbox 1949 552 2341 614; x_wconf 79' lang='lat' dir='ltr'><strong>mandaverat</strong></span> <span class='ocrx_word' id='word_1_21' title='bbox 2373 561 2553 633; x_wconf 78' lang='lat' dir='ltr'><strong>atque</strong></span> 
     </span>
     <span class='ocr_line' id='line_1_4' title="bbox 614 637 2554 716; baseline -0.002 -14"><span class='ocrx_word' id='word_1_22' title='bbox 614 658 719 702; x_wconf 90' lang='lat' dir='ltr'><strong>eos</strong></span> <span class='ocrx_word' id='word_1_23' title='bbox 747 646 913 701; x_wconf 83' lang='lat' dir='ltr'><strong>extra</strong></span> <span class='ocrx_word' id='word_1_24' title='bbox 943 638 1216 700; x_wconf 82' lang='lat' dir='ltr'><strong>ordinem</strong></span> <span class='ocrx_word' id='word_1_25' title='bbox 1256 640 1319 699; x_wconf 92' lang='lat' dir='ltr'><strong>in</strong></span> <span class='ocrx_word' id='word_1_26' title='bbox 1350 644 1623 699; x_wconf 89' lang='lat' dir='ltr'><strong>senatum</strong></span> <span class='ocrx_word' id='word_1_27' title='bbox 1661 637 1944 716; x_wconf 86' lang='lat' dir='ltr'><strong>legendos</strong></span> <span class='ocrx_word' id='word_1_28' title='bbox 1984 645 2305 698; x_wconf 79' lang='lat' dir='ltr'>curaverat</span> <span class='ocrx_word' id='word_1_29' title='bbox 2341 655 2554 716; x_wconf 83' lang='lat' dir='ltr'><strong>agros-</strong></span> 
     </span>
     <span class='ocr_line' id='line_1_5' title="bbox 612 722 2555 805; baseline -0.002 -19"><span class='ocrx_word' id='word_1_30' title='bbox 612 742 729 805; x_wconf 89' lang='lat' dir='ltr'><strong>que</strong></span> <span class='ocrx_word' id='word_1_31' title='bbox 759 725 825 784; x_wconf 92' lang='lat' dir='ltr'><strong>in</strong></span> <span class='ocrx_word' id='word_1_32' title='bbox 856 722 1042 784; x_wconf 87' lang='lat' dir='ltr'><strong>Gallia</strong></span> <span class='ocrx_word' id='word_1_33' title='bbox 1074 741 1147 783; x_wconf 86' lang='lat' dir='ltr'><strong>ex</strong></span> <span class='ocrx_word' id='word_1_34' title='bbox 1173 722 1451 784; x_wconf 82' lang='lat' dir='ltr'><strong>hostibus</strong></span> <span class='ocrx_word' id='word_1_35' title='bbox 1479 728 1685 801; x_wconf 88' lang='lat' dir='ltr'><strong>captos</strong></span> <span class='ocrx_word' id='word_1_36' title='bbox 1715 723 2101 802; x_wconf 87' lang='lat' dir='ltr'><strong>praemiaque</strong></span> <span class='ocrx_word' id='word_1_37' title='bbox 2131 723 2224 782; x_wconf 90' lang='lat' dir='ltr'><strong>rei</strong></span> <span class='ocrx_word' id='word_1_38' title='bbox 2256 725 2555 801; x_wconf 84' lang='lat' dir='ltr'><strong>pecunia-</strong></span> 
     </span>
     <span class='ocr_line' id='line_1_6' title="bbox 611 804 2555 886; baseline -0.001 -16"><span class='ocrx_word' id='word_1_39' title='bbox 611 811 740 870; x_wconf 88' lang='lat' dir='ltr'><strong>riae</strong></span> <span class='ocrx_word' id='word_1_40' title='bbox 770 825 984 886; x_wconf 89' lang='lat' dir='ltr'><strong>magna</strong></span> <span class='ocrx_word' id='word_1_41' title='bbox 1014 806 1311 868; x_wconf 80' lang='lat' dir='ltr'><strong>tribuerat</strong></span> <span class='ocrx_word' id='word_1_42' title='bbox 1348 806 1795 886; x_wconf 79' lang='lat' dir='ltr'><strong>locupletesque</strong></span> <span class='ocrx_word' id='word_1_43' title='bbox 1827 824 1900 866; x_wconf 85' lang='lat' dir='ltr'><strong>ex</strong></span> <span class='ocrx_word' id='word_1_44' title='bbox 1930 804 2251 884; x_wconf 86' lang='lat' dir='ltr'><strong>egentibus</strong></span> <span class='ocrx_word' id='word_1_45' title='bbox 2291 806 2555 868; x_wconf 79' lang='lat' dir='ltr'><strong>fecerat.</strong></span> 
     </span>
    </p>

    <p class='ocr_par' dir='ltr' id='par_1_3' title="bbox 558 889 2559 1223">
     <span class='ocr_line' id='line_1_7' title="bbox 558 889 2559 974; baseline 0.001 -24"><span class='ocrx_word' id='word_1_46' title='bbox 558 901 591 950; x_wconf 80' lang='grc'><strong>8</strong></span> <span class='ocrx_word' id='word_1_47' title='bbox 614 893 691 955; x_wconf 88' lang='lat' dir='ltr'><strong>Hi</strong></span> <span class='ocrx_word' id='word_1_48' title='bbox 720 899 967 974; x_wconf 91' lang='lat' dir='ltr'><strong>propter</strong></span> <span class='ocrx_word' id='word_1_49' title='bbox 995 893 1279 951; x_wconf 83' lang='lat' dir='ltr'><strong>virtutem</strong></span> <span class='ocrx_word' id='word_1_50' title='bbox 1305 908 1425 951; x_wconf 89' lang='lat' dir='ltr'><strong>non</strong></span> <span class='ocrx_word' id='word_1_51' title='bbox 1453 890 1641 951; x_wconf 91' lang='lat' dir='ltr'><strong>solum</strong></span> <span class='ocrx_word' id='word_1_52' title='bbox 1674 890 1830 971; x_wconf 90' lang='lat' dir='ltr'><strong>apud</strong></span> <span class='ocrx_word' id='word_1_53' title='bbox 1861 889 2177 951; x_wconf 88' lang='lat' dir='ltr'><strong>Caesarem</strong></span> <span class='ocrx_word' id='word_1_54' title='bbox 2217 891 2285 950; x_wconf 90' lang='lat' dir='ltr'><strong>in</strong></span> <span class='ocrx_word' id='word_1_55' title='bbox 2313 889 2559 952; x_wconf 89' lang='lat' dir='ltr'><strong>honore</strong></span> 
     </span>
     <span class='ocr_line' id='line_1_8' title="bbox 612 973 2557 1054; baseline -0.001 -16"><span class='ocrx_word' id='word_1_56' title='bbox 612 984 815 1047; x_wconf 89' lang='lat' dir='ltr'><strong>erant,</strong></span> <span class='ocrx_word' id='word_1_57' title='bbox 868 975 974 1036; x_wconf 87' lang='lat' dir='ltr'><strong>sed</strong></span> <span class='ocrx_word' id='word_1_58' title='bbox 1016 977 1197 1036; x_wconf 90' lang='lat' dir='ltr'><strong>etiam</strong></span> <span class='ocrx_word' id='word_1_59' title='bbox 1239 975 1394 1054; x_wconf 88' lang='lat' dir='ltr'><strong>apud</strong></span> <span class='ocrx_word' id='word_1_60' title='bbox 1438 976 1768 1035; x_wconf 84' lang='lat' dir='ltr'><strong>exercitum</strong></span> <span class='ocrx_word' id='word_1_61' title='bbox 1810 977 1934 1036; x_wconf 89' lang='lat' dir='ltr'><strong>cari</strong></span> <span class='ocrx_word' id='word_1_62' title='bbox 1974 973 2392 1046; x_wconf 75' lang='lat' dir='ltr'><strong>habebantur:</strong></span> <span class='ocrx_word' id='word_1_63' title='bbox 2450 975 2557 1036; x_wconf 88' lang='lat' dir='ltr'><strong>sed</strong></span> 
     </span>
     <span class='ocr_line' id='line_1_9' title="bbox 612 1057 2558 1136; baseline -0.001 -13"><span class='ocrx_word' id='word_1_64' title='bbox 612 1062 755 1123; x_wconf 81' lang='lat' dir='ltr'><strong>freti</strong></span> <span class='ocrx_word' id='word_1_65' title='bbox 807 1061 1070 1120; x_wconf 88' lang='lat' dir='ltr'><strong>amicitia</strong></span> <span class='ocrx_word' id='word_1_66' title='bbox 1113 1059 1386 1120; x_wconf 78' lang='lat' dir='ltr'><strong>Caesaris</strong></span> <span class='ocrx_word' id='word_1_67' title='bbox 1427 1067 1488 1120; x_wconf 96' lang='lat' dir='ltr'><strong>et</strong></span> <span class='ocrx_word' id='word_1_68' title='bbox 1537 1059 1717 1120; x_wconf 88' lang='lat' dir='ltr'><strong>stulta</strong></span> <span class='ocrx_word' id='word_1_69' title='bbox 1767 1077 1836 1120; x_wconf 92' lang='lat' dir='ltr'><strong>ac</strong></span> <span class='ocrx_word' id='word_1_70' title='bbox 1887 1057 2146 1120; x_wconf 90' lang='lat' dir='ltr'><strong>barbara</strong></span> <span class='ocrx_word' id='word_1_71' title='bbox 2196 1063 2558 1136; x_wconf 82' lang='lat' dir='ltr'><strong>arrogantia</strong></span> 
     </span>
     <span class='ocr_line' id='line_1_10' title="bbox 613 1142 2558 1223; baseline -0.001 -17"><span class='ocrx_word' id='word_1_72' title='bbox 613 1145 755 1206; x_wconf 90' lang='lat' dir='ltr'><strong>elati</strong></span> <span class='ocrx_word' id='word_1_73' title='bbox 778 1142 1194 1223; x_wconf 86' lang='lat' dir='ltr'><strong>despiciebant</strong></span> <span class='ocrx_word' id='word_1_74' title='bbox 1215 1161 1357 1205; x_wconf 91' lang='lat' dir='ltr'><strong>suos</strong></span> <span class='ocrx_word' id='word_1_75' title='bbox 1386 1143 1868 1223; x_wconf 86' lang='lat' dir='ltr'><strong>stipendiumque</strong></span> <span class='ocrx_word' id='word_1_76' title='bbox 1892 1144 2160 1222; x_wconf 91' lang='lat' dir='ltr'><strong>equitum</strong></span> <span class='ocrx_word' id='word_1_77' title='bbox 2181 1143 2558 1206; x_wconf 80' lang='lat' dir='ltr'><strong>fraudabant</strong></span> 
     </span>
    </p>

    <p class='ocr_par' dir='ltr' id='par_1_4' title="bbox 554 1226 2557 1628">
     <span class='ocr_line' id='line_1_11' title="bbox 554 1226 2557 1308; baseline 0.001 -22"><span class='ocrx_word' id='word_1_78' title='bbox 554 1236 591 1286; x_wconf 75' lang='lat'>4</span> <span class='ocrx_word' id='word_1_79' title='bbox 613 1237 674 1290; x_wconf 88' lang='lat' dir='ltr'><strong>et</strong></span> <span class='ocrx_word' id='word_1_80' title='bbox 712 1226 996 1308; x_wconf 88' lang='lat' dir='ltr'><strong>praedam</strong></span> <span class='ocrx_word' id='word_1_81' title='bbox 1035 1246 1273 1289; x_wconf 88' lang='lat' dir='ltr'><strong>omnem</strong></span> <span class='ocrx_word' id='word_1_82' title='bbox 1313 1228 1558 1289; x_wconf 89' lang='lat' dir='ltr'><strong>domum</strong></span> <span class='ocrx_word' id='word_1_83' title='bbox 1598 1226 1967 1289; x_wconf 84' lang='lat' dir='ltr'><strong>avertebant.</strong></span> <span class='ocrx_word' id='word_1_84' title='bbox 2038 1226 2271 1297; x_wconf 86' lang='lat' dir='ltr'><strong>Quibus</strong></span> <span class='ocrx_word' id='word_1_85' title='bbox 2314 1227 2415 1289; x_wconf 92' lang='lat' dir='ltr'><strong>illi</strong></span> <span class='ocrx_word' id='word_1_86' title='bbox 2454 1247 2557 1289; x_wconf 89' lang='lat' dir='ltr'><strong>re-</strong></span> 
     </span>
     <span class='ocr_line' id='line_1_12' title="bbox 613 1311 2556 1392; baseline -0.001 -17"><span class='ocrx_word' id='word_1_87' title='bbox 613 1313 728 1375; x_wconf 92' lang='lat' dir='ltr'><strong>bus</strong></span> <span class='ocrx_word' id='word_1_88' title='bbox 772 1315 1028 1392; x_wconf 89' lang='lat' dir='ltr'><strong>permoti</strong></span> <span class='ocrx_word' id='word_1_89' title='bbox 1087 1315 1356 1374; x_wconf 83' lang='lat' dir='ltr'><strong>universi</strong></span> <span class='ocrx_word' id='word_1_90' title='bbox 1407 1312 1720 1373; x_wconf 90' lang='lat' dir='ltr'><strong>Caesarem</strong></span> <span class='ocrx_word' id='word_1_91' title='bbox 1766 1311 2044 1373; x_wconf 89' lang='lat' dir='ltr'><strong>adierunt</strong></span> <span class='ocrx_word' id='word_1_92' title='bbox 2098 1312 2428 1392; x_wconf 88' lang='lat' dir='ltr'><strong>palamque</strong></span> <span class='ocrx_word' id='word_1_93' title='bbox 2480 1313 2556 1374; x_wconf 91' lang='lat' dir='ltr'><strong>de</strong></span> 
     </span>
     <span class='ocr_line' id='line_1_13' title="bbox 612 1396 2554 1477; baseline 0 -18"><span class='ocrx_word' id='word_1_94' title='bbox 612 1416 820 1460; x_wconf 88' lang='lat' dir='ltr'><strong>eorum</strong></span> <span class='ocrx_word' id='word_1_95' title='bbox 859 1399 1100 1459; x_wconf 89' lang='lat' dir='ltr'><strong>iniuriis</strong></span> <span class='ocrx_word' id='word_1_96' title='bbox 1141 1406 1278 1459; x_wconf 89' lang='lat' dir='ltr'><strong>sunt</strong></span> <span class='ocrx_word' id='word_1_97' title='bbox 1320 1397 1525 1477; x_wconf 88' lang='lat' dir='ltr'><strong>questi</strong></span> <span class='ocrx_word' id='word_1_98' title='bbox 1546 1404 1610 1457; x_wconf 94' lang='lat' dir='ltr'><strong>et</strong></span> <span class='ocrx_word' id='word_1_99' title='bbox 1642 1396 1716 1458; x_wconf 82' lang='lat' dir='ltr'><strong>ad</strong></span> <span class='ocrx_word' id='word_1_100' title='bbox 1757 1404 1958 1457; x_wconf 88' lang='lat' dir='ltr'><strong>cetera</strong></span> <span class='ocrx_word' id='word_1_101' title='bbox 2000 1396 2391 1466; x_wconf 87' lang='lat' dir='ltr'><strong>addiderunt,</strong></span> <span class='ocrx_word' id='word_1_102' title='bbox 2442 1397 2554 1459; x_wconf 85' lang='lat' dir='ltr'><strong>fal-</strong></span> 
     </span>
     <span class='ocr_line' id='line_1_14' title="bbox 612 1480 2552 1562; baseline 0.001 -19"><span class='ocrx_word' id='word_1_103' title='bbox 612 1500 745 1544; x_wconf 91' lang='lat' dir='ltr'><strong>sum</strong></span> <span class='ocrx_word' id='word_1_104' title='bbox 766 1481 842 1543; x_wconf 87' lang='lat' dir='ltr'><strong>ab</strong></span> <span class='ocrx_word' id='word_1_105' title='bbox 863 1483 958 1543; x_wconf 91' lang='lat' dir='ltr'><strong>his</strong></span> <span class='ocrx_word' id='word_1_106' title='bbox 980 1483 1247 1562; x_wconf 89' lang='lat' dir='ltr'><strong>equitum</strong></span> <span class='ocrx_word' id='word_1_107' title='bbox 1269 1498 1587 1543; x_wconf 87' lang='lat' dir='ltr'><strong>numerum</strong></span> <span class='ocrx_word' id='word_1_108' title='bbox 1609 1480 1855 1551; x_wconf 82' lang='lat' dir='ltr'><strong>deferri,</strong></span> <span class='ocrx_word' id='word_1_109' title='bbox 1887 1498 2142 1560; x_wconf 91' lang='lat' dir='ltr'><strong>quorum</strong></span> <span class='ocrx_word' id='word_1_110' title='bbox 2172 1481 2552 1561; x_wconf 87' lang='lat' dir='ltr'><strong>stipendium</strong></span> 
     </span>
     <span class='ocr_line' id='line_1_15' title="bbox 614 1573 971 1628; baseline -0.006 0"><span class='ocrx_word' id='word_1_111' title='bbox 614 1573 971 1628; x_wconf 83' lang='lat' dir='ltr'><strong>averterent.</strong></span> 
     </span>
    </p>

    <p class='ocr_par' dir='ltr' id='par_1_5' title="bbox 560 1648 2545 1982">
     <span class='ocr_line' id='line_1_16' title="bbox 560 1648 2545 1728; baseline 0.003 -22"><span class='ocrx_word' id='word_1_112' title='bbox 560 1657 590 1706; x_wconf 84' lang='lat'><em>1</em></span> <span class='ocrx_word' id='word_1_113' title='bbox 739 1648 863 1710; x_wconf 87' lang='lat' dir='ltr'><strong>LX.</strong></span> <span class='ocrx_word' id='word_1_114' title='bbox 922 1649 1146 1710; x_wconf 86' lang='lat' dir='ltr'><strong>Caesar</strong></span> <span class='ocrx_word' id='word_1_115' title='bbox 1171 1667 1368 1728; x_wconf 90' lang='lat' dir='ltr'><strong>neque</strong></span> <span class='ocrx_word' id='word_1_116' title='bbox 1397 1656 1633 1728; x_wconf 89' lang='lat' dir='ltr'><strong>tempus</strong></span> <span class='ocrx_word' id='word_1_117' title='bbox 1660 1649 1806 1710; x_wconf 90' lang='lat' dir='ltr'><strong>illud</strong></span> <span class='ocrx_word' id='word_1_118' title='bbox 1842 1648 2377 1710; x_wconf 89' lang='lat' dir='ltr'><strong>animadversionis</strong></span> <span class='ocrx_word' id='word_1_119' title='bbox 2409 1668 2545 1712; x_wconf 87' lang='lat' dir='ltr'><strong>esse</strong></span> 
     </span>
     <span class='ocr_line' id='line_1_17' title="bbox 611 1733 2541 1796; baseline 0.001 -2"><span class='ocrx_word' id='word_1_120' title='bbox 611 1734 963 1794; x_wconf 84' lang='lat' dir='ltr'><strong>existimans</strong></span> <span class='ocrx_word' id='word_1_121' title='bbox 991 1740 1051 1794; x_wconf 89' lang='lat' dir='ltr'><strong>et</strong></span> <span class='ocrx_word' id='word_1_122' title='bbox 1080 1733 1264 1794; x_wconf 88' lang='lat' dir='ltr'><strong>multa</strong></span> <span class='ocrx_word' id='word_1_123' title='bbox 1303 1735 1510 1794; x_wconf 81' lang='lat' dir='ltr'><strong>virtuti</strong></span> <span class='ocrx_word' id='word_1_124' title='bbox 1556 1752 1763 1796; x_wconf 91' lang='lat' dir='ltr'><strong>eorum</strong></span> <span class='ocrx_word' id='word_1_125' title='bbox 1805 1734 2140 1795; x_wconf 85' lang='lat' dir='ltr'><strong>concedens</strong></span> <span class='ocrx_word' id='word_1_126' title='bbox 2180 1752 2312 1796; x_wconf 90' lang='lat' dir='ltr'><strong>rem</strong></span> <span class='ocrx_word' id='word_1_127' title='bbox 2352 1740 2541 1796; x_wconf 85' lang='lat' dir='ltr'><strong>totam</strong></span> 
     </span>
     <span class='ocr_line' id='line_1_18' title="bbox 613 1817 2541 1898; baseline 0.001 -19"><span class='ocrx_word' id='word_1_128' title='bbox 613 1817 876 1889; x_wconf 91' lang='lat' dir='ltr'><strong>distulit;</strong></span> <span class='ocrx_word' id='word_1_129' title='bbox 928 1817 1063 1879; x_wconf 91' lang='lat' dir='ltr'><strong>illos</strong></span> <span class='ocrx_word' id='word_1_130' title='bbox 1107 1826 1340 1879; x_wconf 90' lang='lat' dir='ltr'><strong>secreto</strong></span> <span class='ocrx_word' id='word_1_131' title='bbox 1381 1820 1722 1896; x_wconf 83' lang='lat' dir='ltr'><strong>castigavit,</strong></span> <span class='ocrx_word' id='word_1_132' title='bbox 1772 1818 1929 1898; x_wconf 91' lang='lat' dir='ltr'><strong>quod</strong></span> <span class='ocrx_word' id='word_1_133' title='bbox 1972 1821 2247 1897; x_wconf 86' lang='lat' dir='ltr'><strong>quaestui</strong></span> <span class='ocrx_word' id='word_1_134' title='bbox 2301 1821 2541 1894; x_wconf 85' lang='lat' dir='ltr'><strong>equites</strong></span> 
     </span>
     <span class='ocr_line' id='line_1_19' title="bbox 610 1902 2540 1982; baseline 0.001 -19"><span class='ocrx_word' id='word_1_135' title='bbox 610 1902 933 1974; x_wconf 86' lang='lat' dir='ltr'><strong>haberent,</strong></span> <span class='ocrx_word' id='word_1_136' title='bbox 975 1903 1356 1982; x_wconf 85' lang='lat' dir='ltr'><strong>monuitque,</strong></span> <span class='ocrx_word' id='word_1_137' title='bbox 1399 1911 1466 1964; x_wconf 93' lang='lat' dir='ltr'><strong>ut</strong></span> <span class='ocrx_word' id='word_1_138' title='bbox 1496 1921 1565 1963; x_wconf 89' lang='lat' dir='ltr'><strong>ex</strong></span> <span class='ocrx_word' id='word_1_139' title='bbox 1598 1921 1704 1963; x_wconf 88' lang='lat' dir='ltr'><strong>sua</strong></span> <span class='ocrx_word' id='word_1_140' title='bbox 1734 1903 1999 1964; x_wconf 90' lang='lat' dir='ltr'><strong>amicitia</strong></span> <span class='ocrx_word' id='word_1_141' title='bbox 2026 1905 2228 1963; x_wconf 89' lang='lat' dir='ltr'><strong>omnia</strong></span> <span class='ocrx_word' id='word_1_142' title='bbox 2258 1911 2540 1982; x_wconf 85' lang='lat' dir='ltr'><strong>expecta·</strong></span> 
     </span>
    </p>

    <p class='ocr_par' dir='ltr' id='par_1_6' title="bbox 557 1986 2539 2320">
     <span class='ocr_line' id='line_1_20' title="bbox 557 1986 2539 2067; baseline 0.002 -22"><span class='ocrx_word' id='word_1_143' title='bbox 557 1995 591 2044; x_wconf 78' lang='lat'><em>2</em></span> <span class='ocrx_word' id='word_1_144' title='bbox 612 1994 750 2049; x_wconf 88' lang='lat' dir='ltr'><strong>rent</strong></span> <span class='ocrx_word' id='word_1_145' title='bbox 778 1995 839 2049; x_wconf 89' lang='lat' dir='ltr'><strong>et</strong></span> <span class='ocrx_word' id='word_1_146' title='bbox 867 2005 943 2049; x_wconf 86' lang='lat' dir='ltr'><strong>ex</strong></span> <span class='ocrx_word' id='word_1_147' title='bbox 972 1989 1319 2067; x_wconf 85' lang='lat' dir='ltr'><strong>praeteritis</strong></span> <span class='ocrx_word' id='word_1_148' title='bbox 1347 1989 1473 2049; x_wconf 89' lang='lat' dir='ltr'><strong>suis</strong></span> <span class='ocrx_word' id='word_1_149' title='bbox 1502 1987 1720 2048; x_wconf 83' lang='lat' dir='ltr'><strong>officiis</strong></span> <span class='ocrx_word' id='word_1_150' title='bbox 1745 1987 1979 2065; x_wconf 88' lang='lat' dir='ltr'><strong>reliqua</strong></span> <span class='ocrx_word' id='word_1_151' title='bbox 2019 1994 2354 2066; x_wconf 88' lang='lat' dir='ltr'><strong>sperarent.</strong></span> <span class='ocrx_word' id='word_1_152' title='bbox 2415 1986 2539 2049; x_wconf 86' lang='lat' dir='ltr'><strong>Ma-</strong></span> 
     </span>
     <span class='ocr_line' id='line_1_21' title="bbox 609 2071 2537 2153; baseline 0 -19"><span class='ocrx_word' id='word_1_153' title='bbox 609 2090 789 2153; x_wconf 88' lang='lat' dir='ltr'><strong>gnam</strong></span> <span class='ocrx_word' id='word_1_154' title='bbox 816 2078 1014 2134; x_wconf 88' lang='lat' dir='ltr'><strong>tamen</strong></span> <span class='ocrx_word' id='word_1_155' title='bbox 1044 2072 1193 2135; x_wconf 89' lang='lat' dir='ltr'><strong>hacc</strong></span> <span class='ocrx_word' id='word_1_156' title='bbox 1219 2090 1321 2133; x_wconf 92' lang='lat' dir='ltr'><strong>res</strong></span> <span class='ocrx_word' id='word_1_157' title='bbox 1360 2072 1481 2135; x_wconf 91' lang='lat' dir='ltr'><strong>illis</strong></span> <span class='ocrx_word' id='word_1_158' title='bbox 1510 2071 1898 2133; x_wconf 81' lang='lat' dir='ltr'><strong>offensionem</strong></span> <span class='ocrx_word' id='word_1_159' title='bbox 1927 2077 1988 2133; x_wconf 87' lang='lat' dir='ltr'><strong>et</strong></span> <span class='ocrx_word' id='word_1_160' title='bbox 2028 2072 2537 2152; x_wconf 84' lang='lat' dir='ltr'><strong>contemptionem</strong></span> 
     </span>
     <span class='ocr_line' id='line_1_22' title="bbox 610 2156 2537 2237; baseline 0 -18"><span class='ocrx_word' id='word_1_161' title='bbox 610 2158 685 2219; x_wconf 88' lang='lat' dir='ltr'><strong>ad</strong></span> <span class='ocrx_word' id='word_1_162' title='bbox 713 2175 919 2219; x_wconf 89' lang='lat' dir='ltr'><strong>omnes</strong></span> <span class='ocrx_word' id='word_1_163' title='bbox 948 2157 1164 2229; x_wconf 86' lang='lat' dir='ltr'><strong>attulit,</strong></span> <span class='ocrx_word' id='word_1_164' title='bbox 1197 2157 1378 2237; x_wconf 89' lang='lat' dir='ltr'><strong>idque</strong></span> <span class='ocrx_word' id='word_1_165' title='bbox 1408 2159 1493 2218; x_wconf 89' lang='lat' dir='ltr'><strong>ita</strong></span> <span class='ocrx_word' id='word_1_166' title='bbox 1522 2175 1674 2228; x_wconf 86' lang='lat' dir='ltr'><strong>esse,</strong></span> <span class='ocrx_word' id='word_1_167' title='bbox 1718 2174 1856 2217; x_wconf 87' lang='lat' dir='ltr'><strong>cum</strong></span> <span class='ocrx_word' id='word_1_168' title='bbox 1885 2174 1959 2217; x_wconf 83' lang='lat' dir='ltr'><strong>ex</strong></span> <span class='ocrx_word' id='word_1_169' title='bbox 1988 2156 2243 2218; x_wconf 88' lang='lat' dir='ltr'><strong>aliorum</strong></span> <span class='ocrx_word' id='word_1_170' title='bbox 2267 2156 2537 2220; x_wconf 87' lang='lat' dir='ltr'><strong>obiecta·</strong></span> 
     </span>
     <span class='ocr_line' id='line_1_23' title="bbox 609 2240 2536 2320; baseline 0 -17"><span class='ocrx_word' id='word_1_171' title='bbox 609 2241 878 2303; x_wconf 88' lang='lat' dir='ltr'><strong>tionibus</strong></span> <span class='ocrx_word' id='word_1_172' title='bbox 905 2248 1033 2302; x_wconf 89' lang='lat' dir='ltr'><strong>tum</strong></span> <span class='ocrx_word' id='word_1_173' title='bbox 1062 2243 1240 2303; x_wconf 88' lang='lat' dir='ltr'><strong>etiam</strong></span> <span class='ocrx_word' id='word_1_174' title='bbox 1270 2260 1343 2302; x_wconf 86' lang='lat' dir='ltr'><strong>ex</strong></span> <span class='ocrx_word' id='word_1_175' title='bbox 1373 2241 1697 2302; x_wconf 89' lang='lat' dir='ltr'><strong>domestico</strong></span> <span class='ocrx_word' id='word_1_176' title='bbox 1727 2240 1952 2301; x_wconf 93' lang='lat' dir='ltr'><strong>iudicio</strong></span> <span class='ocrx_word' id='word_1_177' title='bbox 1981 2248 2158 2320; x_wconf 89' lang='lat' dir='ltr'><strong>atque</strong></span> <span class='ocrx_word' id='word_1_178' title='bbox 2183 2243 2369 2303; x_wconf 88' lang='lat' dir='ltr'><strong>animi</strong></span> <span class='ocrx_word' id='word_1_179' title='bbox 2391 2259 2536 2303; x_wconf 88' lang='lat' dir='ltr'><strong>con·</strong></span> 
     </span>
    </p>

    <p class='ocr_par' dir='ltr' id='par_1_7' title="bbox 556 2323 2537 2575">
     <span class='ocr_line' id='line_1_24' title="bbox 556 2323 2536 2405; baseline 0.003 -22"><span class='ocrx_word' id='word_1_180' title='bbox 556 2332 590 2383; x_wconf 73' lang='grc'><strong>3</strong></span> <span class='ocrx_word' id='word_1_181' title='bbox 613 2327 866 2388; x_wconf 88' lang='lat' dir='ltr'><strong>scientia</strong></span> <span class='ocrx_word' id='word_1_182' title='bbox 894 2324 1343 2403; x_wconf 87' lang='lat' dir='ltr'><strong>intellegebant.</strong></span> <span class='ocrx_word' id='word_1_183' title='bbox 1389 2323 1516 2395; x_wconf 89' lang='lat' dir='ltr'><strong>Quo</strong></span> <span class='ocrx_word' id='word_1_184' title='bbox 1538 2325 1767 2405; x_wconf 91' lang='lat' dir='ltr'><strong>pudore</strong></span> <span class='ocrx_word' id='word_1_185' title='bbox 1790 2325 2030 2386; x_wconf 89' lang='lat' dir='ltr'><strong>adducti</strong></span> <span class='ocrx_word' id='word_1_186' title='bbox 2053 2334 2115 2387; x_wconf 89' lang='lat' dir='ltr'><strong>et</strong></span> <span class='ocrx_word' id='word_1_187' title='bbox 2135 2326 2392 2387; x_wconf 83' lang='lat' dir='ltr'><strong>fortasse</strong></span> <span class='ocrx_word' id='word_1_188' title='bbox 2412 2344 2536 2388; x_wconf 91' lang='lat' dir='ltr'><strong>non</strong></span> 
     </span>
     <span class='ocr_line' id='line_1_25' title="bbox 611 2408 2537 2489; baseline 0.001 -18"><span class='ocrx_word' id='word_1_189' title='bbox 611 2428 675 2471; x_wconf 88' lang='lat' dir='ltr'><strong>se</strong></span> <span class='ocrx_word' id='word_1_190' title='bbox 702 2408 972 2478; x_wconf 88' lang='lat' dir='ltr'><strong>liberari,</strong></span> <span class='ocrx_word' id='word_1_191' title='bbox 1006 2408 1110 2469; x_wconf 90' lang='lat' dir='ltr'><strong>sed</strong></span> <span class='ocrx_word' id='word_1_192' title='bbox 1139 2412 1204 2469; x_wconf 91' lang='lat' dir='ltr'><strong>in</strong></span> <span class='ocrx_word' id='word_1_193' title='bbox 1236 2409 1398 2470; x_wconf 89' lang='lat' dir='ltr'><strong>aliud</strong></span> <span class='ocrx_word' id='word_1_194' title='bbox 1425 2416 1662 2489; x_wconf 89' lang='lat' dir='ltr'><strong>tempus</strong></span> <span class='ocrx_word' id='word_1_195' title='bbox 1689 2411 1985 2470; x_wconf 85' lang='lat' dir='ltr'><strong>reservari</strong></span> <span class='ocrx_word' id='word_1_196' title='bbox 2012 2408 2308 2480; x_wconf 89' lang='lat' dir='ltr'><strong>arbitrati,</strong></span> <span class='ocrx_word' id='word_1_197' title='bbox 2342 2410 2537 2472; x_wconf 88' lang='lat' dir='ltr'><strong>disce·</strong></span> 
     </span>
     <span class='ocr_line' id='line_1_26' title="bbox 612 2490 2536 2575; baseline 0.002 -22"><span class='ocrx_word' id='word_1_198' title='bbox 612 2492 757 2553; x_wconf 91' lang='lat' dir='ltr'><strong>dere</strong></span> <span class='ocrx_word' id='word_1_199' title='bbox 788 2509 823 2552; x_wconf 92' lang='lat' dir='ltr'><strong>a</strong></span> <span class='ocrx_word' id='word_1_200' title='bbox 850 2490 1027 2552; x_wconf 89' lang='lat' dir='ltr'><strong>nobis</strong></span> <span class='ocrx_word' id='word_1_201' title='bbox 1055 2498 1118 2553; x_wconf 92' lang='lat' dir='ltr'><strong>et</strong></span> <span class='ocrx_word' id='word_1_202' title='bbox 1143 2511 1357 2553; x_wconf 86' lang='lat' dir='ltr'><strong>novam</strong></span> <span class='ocrx_word' id='word_1_203' title='bbox 1395 2501 1687 2573; x_wconf 90' lang='lat' dir='ltr'><strong>temptare</strong></span> <span class='ocrx_word' id='word_1_204' title='bbox 1717 2495 2016 2555; x_wconf 86' lang='lat' dir='ltr'><strong>fortunam</strong></span> <span class='ocrx_word' id='word_1_205' title='bbox 2054 2513 2354 2575; x_wconf 86' lang='lat' dir='ltr'><strong>novasque</strong></span> <span class='ocrx_word' id='word_1_206' title='bbox 2385 2498 2536 2556; x_wconf 89' lang='lat' dir='ltr'><strong>ami-</strong></span> 
     </span>
    </p>

    <p class='ocr_par' dir='ltr' id='par_1_8' title="bbox 556 2576 2540 2997">
     <span class='ocr_line' id='line_1_27' title="bbox 556 2576 2538 2658; baseline 0.005 -24"><span class='ocrx_word' id='word_1_207' title='bbox 556 2583 593 2634; x_wconf 71' lang='lat'>4</span> <span class='ocrx_word' id='word_1_208' title='bbox 614 2577 790 2637; x_wconf 86' lang='lat' dir='ltr'><strong>citias</strong></span> <span class='ocrx_word' id='word_1_209' title='bbox 835 2576 1099 2654; x_wconf 84' lang='lat' dir='ltr'><strong>experiri</strong></span> <span class='ocrx_word' id='word_1_210' title='bbox 1144 2578 1602 2639; x_wconf 87' lang='lat' dir='ltr'><strong>constituerunt.</strong></span> <span class='ocrx_word' id='word_1_211' title='bbox 1688 2577 1765 2639; x_wconf 88' lang='lat' dir='ltr'><strong>Et</strong></span> <span class='ocrx_word' id='word_1_212' title='bbox 1811 2596 1946 2639; x_wconf 92' lang='lat' dir='ltr'><strong>cum</strong></span> <span class='ocrx_word' id='word_1_213' title='bbox 1998 2582 2207 2658; x_wconf 90' lang='lat' dir='ltr'><strong>paucis</strong></span> <span class='ocrx_word' id='word_1_214' title='bbox 2257 2579 2538 2643; x_wconf 89' lang='lat' dir='ltr'><strong>collocuti</strong></span> 
     </span>
     <span class='ocr_line' id='line_1_28' title="bbox 609 2658 2540 2741; baseline 0.003 -21"><span class='ocrx_word' id='word_1_215' title='bbox 609 2658 933 2721; x_wconf 88' lang='lat' dir='ltr'><strong>clientibus</strong></span> <span class='ocrx_word' id='word_1_216' title='bbox 962 2662 1114 2732; x_wconf 87' lang='lat' dir='ltr'><strong>suis,</strong></span> <span class='ocrx_word' id='word_1_217' title='bbox 1157 2659 1378 2741; x_wconf 89' lang='lat' dir='ltr'><strong>quibus</strong></span> <span class='ocrx_word' id='word_1_218' title='bbox 1416 2668 1648 2723; x_wconf 89' lang='lat' dir='ltr'><strong>tantum</strong></span> <span class='ocrx_word' id='word_1_219' title='bbox 1675 2663 1909 2723; x_wconf 84' lang='lat' dir='ltr'><strong>facinus</strong></span> <span class='ocrx_word' id='word_1_220' title='bbox 1951 2665 2322 2725; x_wconf 80' lang='lat' dir='ltr'><strong>committere</strong></span> <span class='ocrx_word' id='word_1_221' title='bbox 2353 2664 2540 2725; x_wconf 84' lang='lat' dir='ltr'><strong>aude·</strong></span> 
     </span>
     <span class='ocr_line' id='line_1_29' title="bbox 610 2743 2539 2827; baseline 0.004 -23"><span class='ocrx_word' id='word_1_222' title='bbox 610 2743 776 2815; x_wconf 87' lang='lat' dir='ltr'><strong>bant,</strong></span> <span class='ocrx_word' id='word_1_223' title='bbox 806 2745 1068 2823; x_wconf 89' lang='lat' dir='ltr'><strong>primum</strong></span> <span class='ocrx_word' id='word_1_224' title='bbox 1097 2747 1297 2806; x_wconf 89' lang='lat' dir='ltr'><strong>conati</strong></span> <span class='ocrx_word' id='word_1_225' title='bbox 1327 2752 1465 2806; x_wconf 87' lang='lat' dir='ltr'><strong>sunt</strong></span> <span class='ocrx_word' id='word_1_226' title='bbox 1501 2747 1870 2826; x_wconf 88' lang='lat' dir='ltr'><strong>praefectum</strong></span> <span class='ocrx_word' id='word_1_227' title='bbox 1899 2750 2168 2827; x_wconf 89' lang='lat' dir='ltr'><strong>equitum</strong></span> <span class='ocrx_word' id='word_1_228' title='bbox 2198 2749 2259 2811; x_wconf 90' lang='lat' dir='ltr'><strong>C.</strong></span> <span class='ocrx_word' id='word_1_229' title='bbox 2289 2747 2539 2811; x_wconf 86' lang='lat' dir='ltr'><strong>Voluse-</strong></span> 
     </span>
     <span class='ocr_line' id='line_1_30' title="bbox 606 2830 2535 2912; baseline 0.002 -21"><span class='ocrx_word' id='word_1_230' title='bbox 606 2847 753 2891; x_wconf 89' lang='lat' dir='ltr'><strong>num</strong></span> <span class='ocrx_word' id='word_1_231' title='bbox 793 2831 1167 2902; x_wconf 85' lang='lat' dir='ltr'><strong>interflcere,</strong></span> <span class='ocrx_word' id='word_1_232' title='bbox 1208 2837 1279 2891; x_wconf 92' lang='lat' dir='ltr'><strong>ut</strong></span> <span class='ocrx_word' id='word_1_233' title='bbox 1316 2838 1523 2911; x_wconf 89' lang='lat' dir='ltr'><strong>postea</strong></span> <span class='ocrx_word' id='word_1_234' title='bbox 1564 2830 1721 2892; x_wconf 91' lang='lat' dir='ltr'><strong>bello</strong></span> <span class='ocrx_word' id='word_1_235' title='bbox 1761 2833 2033 2893; x_wconf 86' lang='lat' dir='ltr'><strong>confecto</strong></span> <span class='ocrx_word' id='word_1_236' title='bbox 2073 2834 2377 2912; x_wconf 87' lang='lat' dir='ltr'><strong>cognitum</strong></span> <span class='ocrx_word' id='word_1_237' title='bbox 2419 2840 2535 2905; x_wconf 81' lang='lat' dir='ltr'><strong>est,</strong></span> 
     </span>
     <span class='ocr_line' id='line_1_31' title="bbox 610 2913 2536 2997; baseline 0.002 -21"><span class='ocrx_word' id='word_1_238' title='bbox 610 2922 675 2977; x_wconf 93' lang='lat' dir='ltr'><strong>ut</strong></span> <span class='ocrx_word' id='word_1_239' title='bbox 706 2933 842 2976; x_wconf 92' lang='lat' dir='ltr'><strong>cum</strong></span> <span class='ocrx_word' id='word_1_240' title='bbox 882 2933 1131 2978; x_wconf 90' lang='lat' dir='ltr'><strong>munere</strong></span> <span class='ocrx_word' id='word_1_241' title='bbox 1174 2913 1375 2995; x_wconf 89' lang='lat' dir='ltr'><strong>aliquo</strong></span> <span class='ocrx_word' id='word_1_242' title='bbox 1405 2917 1740 2995; x_wconf 82' lang='lat' dir='ltr'><strong>perfugisse</strong></span> <span class='ocrx_word' id='word_1_243' title='bbox 1771 2916 1847 2976; x_wconf 88' lang='lat' dir='ltr'><strong>ad</strong></span> <span class='ocrx_word' id='word_1_244' title='bbox 1874 2915 2227 2997; x_wconf 90' lang='lat' dir='ltr'><strong>Pompeium</strong></span> <span class='ocrx_word' id='word_1_245' title='bbox 2254 2917 2536 2980; x_wconf 83' lang='lat' dir='ltr'><strong>videren-</strong></span> 
     </span>
    </p>

    <p class='ocr_par' dir='ltr' id='par_1_9' title="bbox 552 2999 2543 3419">
     <span class='ocr_line' id='line_1_32' title="bbox 552 2999 2537 3083; baseline 0.001 -22"><span class='ocrx_word' id='word_1_246' title='bbox 552 3005 588 3061; x_wconf 84' lang='lat'>5</span> <span class='ocrx_word' id='word_1_247' title='bbox 609 3008 740 3073; x_wconf 80' lang='lat' dir='ltr'><strong>tur3</strong></span> <span class='ocrx_word' id='word_1_248' title='bbox 771 3008 1083 3081; x_wconf 91' lang='lat' dir='ltr'><strong>postquam</strong></span> <span class='ocrx_word' id='word_1_249' title='bbox 1108 2999 1173 3062; x_wconf 95' lang='lat' dir='ltr'><strong>id</strong></span> <span class='ocrx_word' id='word_1_250' title='bbox 1204 3000 1512 3063; x_wconf 80' lang='lat' dir='ltr'><strong>difficilius</strong></span> <span class='ocrx_word' id='word_1_251' title='bbox 1537 3002 1732 3061; x_wconf 81' lang='lat' dir='ltr'><strong>visum</strong></span> <span class='ocrx_word' id='word_1_252' title='bbox 1763 3007 1855 3061; x_wconf 89' lang='lat' dir='ltr'><strong>est</strong></span> <span class='ocrx_word' id='word_1_253' title='bbox 1881 3019 2076 3082; x_wconf 90' lang='lat' dir='ltr'><strong>neque</strong></span> <span class='ocrx_word' id='word_1_254' title='bbox 2107 3003 2355 3064; x_wconf 81' lang='lat' dir='ltr'><strong>facultas</strong></span> <span class='ocrx_word' id='word_1_255' title='bbox 2395 3021 2537 3083; x_wconf 88' lang='lat' dir='ltr'><strong>per·</strong></span> 
     </span>
     <span class='ocr_line' id='line_1_33' title="bbox 606 3084 2538 3166; baseline 0.001 -20"><span class='ocrx_word' id='word_1_256' title='bbox 606 3084 853 3146; x_wconf 85' lang='lat' dir='ltr'><strong>ficiendi</strong></span> <span class='ocrx_word' id='word_1_257' title='bbox 885 3085 1155 3157; x_wconf 88' lang='lat' dir='ltr'><strong>dabatur,</strong></span> <span class='ocrx_word' id='word_1_258' title='bbox 1188 3106 1365 3166; x_wconf 86' lang='lat' dir='ltr'><strong>quam</strong></span> <span class='ocrx_word' id='word_1_259' title='bbox 1394 3086 1683 3148; x_wconf 83' lang='lat' dir='ltr'><strong>maximas</strong></span> <span class='ocrx_word' id='word_1_260' title='bbox 1710 3092 2054 3163; x_wconf 91' lang='lat' dir='ltr'><strong>potuerunt,</strong></span> <span class='ocrx_word' id='word_1_261' title='bbox 2084 3088 2372 3165; x_wconf 85' lang='lat' dir='ltr'><strong>pecunias</strong></span> <span class='ocrx_word' id='word_1_262' title='bbox 2402 3105 2538 3147; x_wconf 90' lang='lat' dir='ltr'><strong>mu-</strong></span> 
     </span>
     <span class='ocr_line' id='line_1_34' title="bbox 605 3170 2539 3247; baseline 0.002 -18"><span class='ocrx_word' id='word_1_263' title='bbox 605 3171 788 3238; x_wconf 87' lang='lat' dir='ltr'><strong>tuati,</strong></span> <span class='ocrx_word' id='word_1_264' title='bbox 845 3170 1097 3247; x_wconf 89' lang='lat' dir='ltr'><strong>proinde</strong></span> <span class='ocrx_word' id='word_1_265' title='bbox 1139 3188 1207 3231; x_wconf 87' lang='lat' dir='ltr'><strong>ac</strong></span> <span class='ocrx_word' id='word_1_266' title='bbox 1247 3173 1373 3232; x_wconf 91' lang='lat' dir='ltr'><strong>suis</strong></span> <span class='ocrx_word' id='word_1_267' title='bbox 1411 3170 1759 3231; x_wconf 81' lang='lat' dir='ltr'><strong>satisfacere</strong></span> <span class='ocrx_word' id='word_1_268' title='bbox 1802 3176 1863 3230; x_wconf 89' lang='lat' dir='ltr'><strong>et</strong></span> <span class='ocrx_word' id='word_1_269' title='bbox 1897 3170 2172 3232; x_wconf 86' lang='lat' dir='ltr'><strong>fraudata</strong></span> <span class='ocrx_word' id='word_1_270' title='bbox 2209 3172 2539 3233; x_wconf 80' lang='lat' dir='ltr'><strong>restituere</strong></span> 
     </span>
     <span class='ocr_line' id='line_1_35' title="bbox 604 3251 2543 3334; baseline 0.003 -23"><span class='ocrx_word' id='word_1_271' title='bbox 604 3252 855 3321; x_wconf 83' lang='lat' dir='ltr'><strong>vellent,</strong></span> <span class='ocrx_word' id='word_1_272' title='bbox 896 3251 1101 3313; x_wconf 89' lang='lat' dir='ltr'><strong>multis</strong></span> <span class='ocrx_word' id='word_1_273' title='bbox 1131 3255 1420 3332; x_wconf 74' lang='lat' dir='ltr'><strong>coemptis</strong></span> <span class='ocrx_word' id='word_1_274' title='bbox 1460 3253 1630 3334; x_wconf 90' lang='lat' dir='ltr'><strong>equis</strong></span> <span class='ocrx_word' id='word_1_275' title='bbox 1659 3253 1733 3315; x_wconf 91' lang='lat' dir='ltr'><strong>ad</strong></span> <span class='ocrx_word' id='word_1_276' title='bbox 1772 3253 2126 3333; x_wconf 91' lang='lat' dir='ltr'><strong>Pompeium</strong></span> <span class='ocrx_word' id='word_1_277' title='bbox 2164 3256 2543 3317; x_wconf 79' lang='lat' dir='ltr'><strong>transierunt</strong></span> 
     </span>
     <span class='ocr_line' id='line_1_36' title="bbox 607 3337 2168 3419; baseline 0.004 -25"><span class='ocrx_word' id='word_1_278' title='bbox 607 3352 746 3395; x_wconf 90' lang='lat' dir='ltr'><strong>cum</strong></span> <span class='ocrx_word' id='word_1_279' title='bbox 776 3337 884 3404; x_wconf 84' lang='lat' dir='ltr'><strong>iis,</strong></span> <span class='ocrx_word' id='word_1_280' title='bbox 916 3354 1066 3413; x_wconf 91' lang='lat' dir='ltr'><strong>quos</strong></span> <span class='ocrx_word' id='word_1_281' title='bbox 1095 3338 1187 3396; x_wconf 89' lang='lat' dir='ltr'><strong>sui</strong></span> <span class='ocrx_word' id='word_1_282' title='bbox 1219 3338 1457 3399; x_wconf 89' lang='lat' dir='ltr'><strong>consilii</strong></span> <span class='ocrx_word' id='word_1_283' title='bbox 1486 3340 1818 3419; x_wconf 87' lang='lat' dir='ltr'><strong>participes</strong></span> <span class='ocrx_word' id='word_1_284' title='bbox 1845 3337 2168 3400; x_wconf 89' lang='lat' dir='ltr'><strong>habebant.</strong></span> 
     </span>
    </p>

    <p class='ocr_par' dir='ltr' id='par_1_10' title="bbox 555 3416 2545 3673">
     <span class='ocr_line' id='line_1_37' title="bbox 555 3416 2540 3501; baseline 0.006 -25"><span class='ocrx_word' id='word_1_285' title='bbox 555 3426 587 3477; x_wconf 74' lang='grc' dir='ltr'><strong>ι</strong></span> <span class='ocrx_word' id='word_1_286' title='bbox 733 3416 885 3478; x_wconf 87' lang='lat' dir='ltr'><strong>LXI.</strong></span> <span class='ocrx_word' id='word_1_287' title='bbox 956 3417 1116 3490; x_wconf 89' lang='lat' dir='ltr'><strong>Quos</strong></span> <span class='ocrx_word' id='word_1_288' title='bbox 1143 3420 1491 3499; x_wconf 86' lang='lat' dir='ltr'><strong>Pompeius,</strong></span> <span class='ocrx_word' id='word_1_289' title='bbox 1539 3422 1699 3501; x_wconf 88' lang='lat' dir='ltr'><strong>quod</strong></span> <span class='ocrx_word' id='word_1_290' title='bbox 1738 3429 1909 3484; x_wconf 89' lang='lat' dir='ltr'><strong>erant</strong></span> <span class='ocrx_word' id='word_1_291' title='bbox 1948 3422 2199 3485; x_wconf 88' lang='lat' dir='ltr'><strong>honesto</strong></span> <span class='ocrx_word' id='word_1_292' title='bbox 2242 3424 2374 3486; x_wconf 88' lang='lat' dir='ltr'><strong>loco</strong></span> <span class='ocrx_word' id='word_1_293' title='bbox 2409 3428 2540 3488; x_wconf 89' lang='lat' dir='ltr'><strong>nati</strong></span> 
     </span>
     <span class='ocr_line' id='line_1_38' title="bbox 607 3501 2545 3587; baseline 0.006 -27"><span class='ocrx_word' id='word_1_294' title='bbox 607 3507 670 3561; x_wconf 92' lang='lat' dir='ltr'><strong>et</strong></span> <span class='ocrx_word' id='word_1_295' title='bbox 727 3501 1005 3563; x_wconf 89' lang='lat' dir='ltr'><strong>instructi</strong></span> <span class='ocrx_word' id='word_1_296' title='bbox 1074 3503 1409 3566; x_wconf 88' lang='lat' dir='ltr'><strong>liberaliter</strong></span> <span class='ocrx_word' id='word_1_297' title='bbox 1477 3522 1809 3587; x_wconf 88' lang='lat' dir='ltr'><strong>magnoque</strong></span> <span class='ocrx_word' id='word_1_298' title='bbox 1870 3509 2157 3569; x_wconf 89' lang='lat' dir='ltr'><strong>comitatu</strong></span> <span class='ocrx_word' id='word_1_299' title='bbox 2214 3517 2276 3570; x_wconf 90' lang='lat' dir='ltr'><strong>et</strong></span> <span class='ocrx_word' id='word_1_300' title='bbox 2334 3511 2545 3572; x_wconf 88' lang='lat' dir='ltr'><strong>multis</strong></span> 
     </span>
     <span class='ocr_line' id='line_1_39' title="bbox 606 3586 2544 3673; baseline 0.006 -27"><span class='ocrx_word' id='word_1_301' title='bbox 606 3586 896 3649; x_wconf 82' lang='lat' dir='ltr'><strong>iumentis</strong></span> <span class='ocrx_word' id='word_1_302' title='bbox 917 3596 1207 3651; x_wconf 84' lang='lat' dir='ltr'><strong>venerant</strong></span> <span class='ocrx_word' id='word_1_303' title='bbox 1235 3590 1470 3673; x_wconf 87' lang='lat' dir='ltr'><strong>virique</strong></span> <span class='ocrx_word' id='word_1_304' title='bbox 1500 3591 1691 3652; x_wconf 83' lang='lat' dir='ltr'><strong>fortes</strong></span> <span class='ocrx_word' id='word_1_305' title='bbox 1719 3590 2097 3653; x_wconf 85' lang='lat' dir='ltr'><strong>habebantur</strong></span> <span class='ocrx_word' id='word_1_306' title='bbox 2128 3599 2190 3654; x_wconf 90' lang='lat' dir='ltr'><strong>et</strong></span> <span class='ocrx_word' id='word_1_307' title='bbox 2217 3594 2280 3654; x_wconf 89' lang='lat' dir='ltr'><strong>in</strong></span> <span class='ocrx_word' id='word_1_308' title='bbox 2308 3594 2544 3657; x_wconf 85' lang='lat' dir='ltr'><strong>honore</strong></span> 
     </span>
    </p>
   </div>
   <div class='ocr_carea' id='block_1_3' title="bbox 193 3881 544 4149">
    <p class='ocr_par' dir='ltr' id='par_1_11' title="bbox 169 3871 554 4149">
     <span class='ocr_line' id='line_1_40' title="bbox 193 3881 544 4149; baseline 0 -267"><span class='ocrx_word' id='word_1_309' title='bbox 193 3881 544 4149; x_wconf 37' lang='lat' dir='ltr'>X</span> 
     </span>
    </p>
   </div>
  </div>
 </body>
</html>
