2750 4255
814 312 1041 370 COMM.
1069 313 1114 370 1.
1158 312 1312 370 O‘AP.
1339 313 1609 370 L—LVL
2093 307 2178 373 27

248 480 703 560 longinquiores
745 481 1020 540 civitates
1049 477 1421 549 dimittebat3
1462 481 1593 558 ipse
1634 485 2009 558 praesentem
2049 480 2179 540 ino·

248 568 435 645 piam,
466 564 688 644 quibus
717 571 959 643 poterat
986 562 1290 633 subsidiis,
1323 561 1649 627 tutabatur.

376 647 530 709 LIII.
589 647 750 709 Haec
779 647 1057 709 Afranius
1086 647 1479 726 Petreiusque
1509 654 1571 707 et
1600 665 1807 708 eorum
1835 647 2011 707 amici
2048 647 2175 726 ple·
2200 655 2231 705 1

248 734 424 795 niora
447 733 624 792 etiam
645 739 821 811 atque
847 731 1128 792 uberiora
1149 731 1398 792 Romam
1428 731 1502 791 ad
1533 749 1676 792 suos
1698 729 2178 811 perscribebant.

248 815 436 878 Multa
463 833 672 877 rumor
706 814 1070 892 adtingebat,
1113 824 1180 875 ut
1219 833 1410 894 paene
1449 814 1676 876 bellum
1715 815 2052 876 confectum
2091 817 2179 876 vi·

248 901 516 960 deretur.
587 898 822 970 Quibus
847 899 1074 960 litteris
1102 901 1451 978 nuntiisque
1482 899 1729 960 Romam
1757 899 2022 978 perlatiS,
2053 917 2177 959 ma·
2197 906 2231 955 2

249 985 357 1062 gni
403 983 644 1044 domum
688 1001 1017 1044 concursus
1056 983 1130 1044 ad
1161 983 1473 1043 Afranium
1511 999 1886 1063 magnaeque
1919 983 2180 1060 gratula-

251 1071 449 1128 tiones
476 1066 728 1139 fiebant3
758 1067 932 1128 multi
961 1084 1037 1127 ex
1057 1066 1226 1127 Italia
1257 1067 1330 1126 ad
1347 1066 1453 1129 Cn.
1467 1065 1816 1146 Pompeium
1837 1068 2178 1146 proficisce-

254 1151 505 1221 bantur,
539 1150 663 1220 alii,
694 1157 762 1211 ut
789 1153 1095 1230 principes
1121 1151 1300 1211 talem
1325 1152 1603 1210 nuntium
1635 1149 1919 1219 attulisse,
1953 1151 2070 1222 alii,
2101 1168 2179 1210 ne

250 1241 529 1297 eventum
573 1234 716 1295 belli
759 1241 1102 1315 expectasse
1145 1241 1248 1295 aut
1299 1252 1372 1295 ex
1414 1233 1691 1296 omnibus
1732 1237 2041 1296 novissimi
2079 1252 2180 1295 ve-

251 1321 417 1380 nisse
448 1319 833 1380 viderentur.

377 1402 556 1463 LIIII.
618 1403 765 1464 Cum
807 1404 871 1463 in
910 1403 1008 1464 his
1055 1405 1346 1480 angustiis
1389 1420 1490 1463 res
1542 1409 1702 1464 esset
1754 1410 1930 1482 atque
1972 1419 2178 1463 omnes
2201 1411 2230 1459 1

251 1488 380 1548 viae
423 1486 499 1546 ab
543 1486 885 1547 Afranianis
935 1486 1230 1548 militibus
1285 1485 1706 1566 equitibusque
1760 1485 2183 1547 obsiderentur

250 1588 367 1633 nee
394 1577 610 1650 pontes
637 1572 848 1650 perfici
889 1578 1162 1650 possent,
1203 1573 1461 1650 imperat
1503 1570 1799 1632 militibus
1827 1570 2072 1641 Caesar,
2115 1577 2183 1631 ut

252 1672 437 1715 naves
465 1655 705 1726 faciant,
739 1657 910 1716 cuius
939 1657 1183 1734 generis
1212 1673 1348 1715 eum
1380 1654 1795 1734 superioribus
1838 1657 2008 1716 aunis
2038 1672 2181 1715 usus

252 1738 602 1800 Britanniae
648 1739 952 1801 docuerat.
1030 1739 1280 1800 Carinae
1332 1757 1402 1799 ae
1451 1742 1644 1819 prima
1693 1742 2011 1800 statumina
2060 1738 2179 1799 levi
2198 1746 2229 1795 2

253 1825 506 1884 materia
536 1822 788 1894 fiebant;
831 1823 1129 1902 reliquum
1157 1841 1377 1901 corpus
1414 1825 1657 1884 navium
1684 1822 2008 1883 viminibus
2037 1840 2178 1883 con-

252 1912 483 1967 textum
525 1909 709 1966 coriis
750 1906 1152 1984 integebatur.
1227 1907 1345 1967 Has
1383 1908 1680 1984 perfectas
1719 1908 1908 1966 carris
1957 1908 2231 1967 iunctis3

253 1990 500 2052 devehit
528 1996 707 2049 noctu
735 1990 900 2050 milia
927 2007 1207 2069 passuum
1237 2008 1271 2049 a
1301 1992 1516 2050 castris
1538 2002 1692 2048 xxn
1720 1989 2055 2068 militesque
2085 1989 2182 2049 his

256 2073 507 2136 navibus
537 2072 759 2134 flumen
799 2079 1164 2152 transportat
1193 2075 1715 2152 continentemque
1755 2074 1923 2151 ripae
1968 2071 2181 2133 collem

254 2159 577 2238 improviso
607 2165 875 2237 occupat.
936 2158 1108 2217 Hunc
1137 2157 1445 2226 celeriter,
1489 2160 1835 2236 priusquam
1866 2156 1940 2217 ab
1970 2156 2176 2217 adver·
2199 2163 2235 2213 4

255 2244 437 2305 sariis
465 2244 791 2312 sentiatur,
836 2243 1186 2303 communit.
1245 2241 1374 2302 Huc
1404 2241 1700 2318 legionem
1729 2247 1932 2319 postea
1960 2242 2180 2301 transi-

258 2330 344 2388 cit
373 2333 548 2405 atque
579 2345 653 2387 ex
692 2334 944 2407 utraque
985 2334 1155 2405 parte
1198 2332 1442 2405 pontem
1481 2326 1775 2395 instituit,
1818 2324 2003 2385 biduo
2042 2342 2179 2404 per-

255 2412 403 2473 ficit.
460 2409 548 2471 Ita
578 2417 943 2472 commeatus
972 2416 1051 2479 et,
1082 2411 1187 2489 qui
1216 2411 1502 2471 frumenti
1533 2427 1710 2470 causa
1738 2416 2171 2488 processerant,
2200 2415 2234 2465 ὅ

257 2501 387 2555 tuto
418 2494 491 2554 ad
533 2512 598 2554 se
628 2495 848 2573 recipit
876 2502 939 2554 et
976 2511 1107 2554 rem
1135 2494 1586 2555 frumentariam
1618 2494 1900 2572 expedire
1945 2495 2179 2572 incipit.

386 2577 502 2637 LV.
560 2576 785 2637 Eodem
815 2578 912 2637 die
944 2579 1212 2656 equitum
1241 2595 1515 2655 magnam
1544 2586 1774 2657 partem
1805 2577 2025 2639 flumen
2055 2585 2177 2638 tra·
2202 2585 2232 2635 1

260 2663 426 2722 iecit.
482 2659 606 2731 Qui·
642 2662 1012 2740 inopinantis
1038 2659 1424 2739 pabulatores
1452 2669 1514 2722 et
1555 2664 1685 2722 sine
1717 2662 1836 2722 ullo
1866 2662 2184 2741 dissipatos

259 2748 472 2804 timore
526 2744 793 2821 adgressi
846 2761 1126 2821 magnum
1174 2762 1493 2805 numerum
1551 2747 1954 2806 iumentorum
2005 2755 2182 2825 atque

262 2828 572 2889 hominum
627 2829 1018 2907 intercipiunt
1082 2827 1550 2908 cohortibusque
1609 2832 1854 2890 cetratis
1913 2829 2184 2889 subsidio

263 2912 466 2972 missis
502 2912 766 2971 scienter
803 2914 869 2972 in
915 2912 1063 2972 duas
1106 2918 1310 2988 partes
1349 2930 1480 2972 sese
1522 2912 1914 2981 distribuunt,
1967 2914 2068 2972 alii
2118 2919 2186 2971 ut

263 2994 521 3075 praedae
552 2995 855 3072 praesidio
884 2996 1031 3063 sint,
1064 2995 1163 3055 alii
1197 3001 1265 3055 ut
1291 2993 1672 3055 venientibus
1698 2997 1979 3055 resistant
2007 3002 2183 3074 atque

189 3116 212 3126 ae
264 3098 368 3140 eos
396 3077 747 3157 propellant,
789 3096 1084 3158 unamque
1114 3078 1441 3149 cohortem,
1482 3096 1633 3157 quae
1662 3086 1887 3139 temere
1918 3085 2053 3138 ante
2083 3096 2177 3138 ce·
2200 3087 2235 3137 2

266 3170 426 3224 teras
465 3168 632 3223 extra
671 3164 861 3223 aciem
902 3169 1317 3242 procurrerat‚
1361 3162 1654 3223 seclusam
1684 3162 1758 3223 ab
1788 3162 2038 3240 reliquis
2066 3163 2183 3222 cir-

266 3248 654 3307 cumveniunt
693 3252 870 3327 atque
908 3248 1279 3307 interficiunt
1317 3246 1764 3326 incolumesque
1807 3264 1943 3307 cum
1972 3262 2188 3322 magna

267 3330 488 3410 praeda
516 3330 726 3391 eodem
753 3337 933 3410 ponte
962 3332 1026 3392 in
1057 3338 1251 3391 castra
1281 3339 1685 3393 revertuntur.

390 3412 536 3474 LVI.
605 3414 779 3475 Dum·
801 3415 948 3475 haee
990 3415 1064 3475 ad
1103 3413 1356 3476 Ilerdam
1406 3423 1727 3493 geruntur,
1781 3412 2182 3476 Massilienses
2207 3424 2235 3472 1

265 3498 358 3558 usi
401 3497 470 3558 L.
500 3498 745 3558 Domitii
795 3498 1045 3560 consilio
1089 3500 1259 3559 navis
1308 3500 1514 3577 longas
1564 3499 1889 3579 expediunt
1934 3517 2185 3560 numero

267 3591 438 3663 xvn,
470 3600 721 3663 quarum
749 3590 922 3644 erant
948 3596 1026 3643 xl
1053 3590 1263 3646 tectae.
1331 3583 1515 3645 Multa
1543 3583 1659 3645 huc
1688 3585 1921 3645 minora
1950 3584 2186 3662 navigia
2204 3591 2238 3641 2
