2750 4255
741 289 969 348 COMM.
997 290 1094 346 111.
1138 289 1291 346 CAP.
1317 290 1707 348 XIII—XVII.
2112 284 2196 350 75

248 459 346 518 ita
380 456 542 534 ligna
572 461 749 534 atque
780 474 993 535 aquam
1023 455 1279 536 Corcyra
1320 455 1572 516 navibus
1609 458 1906 517 onerariis
1941 473 2192 535 suppor-

249 549 430 611 tare,
469 548 651 618 atque
695 541 872 599 etiam
903 558 1023 599 uno
1053 547 1323 619 tempore
1352 539 1601 608 accidit,
1643 545 1711 599 ut
1752 539 2247 600 difficilioribus4

250 627 361 686 usi
393 623 849 702 tempestatibus
878 641 951 683 ex
980 622 1267 702 pellibuS‚
1314 623 1531 702 quibus
1572 631 1742 683 erant
1771 631 1963 684 tectae
1994 642 2189 693 naveS,

250 718 626 769 nocturnum
655 709 930 786 excipere
961 725 1161 767 rorem
1190 715 1575 784 cogerentur;
1628 726 1775 785 quas
1805 716 2001 767 tamen
2034 708 2187 768 diffi-
2210 716 2244 764 ὅ

252 791 519 852 cultates
558 793 856 870 patienter
891 797 1066 870 atque
1098 810 1287 870 aequo
1317 794 1515 852 animo
1544 790 1819 851 ferebant
1848 808 2041 867 neque
2072 789 2192 850 sibi

254 875 544 936 nudanda
572 875 749 935 litora
779 880 842 934 et
868 874 1292 954 relinquendos
1321 883 1533 953 portus
1561 874 1997 935 existimabant.
2074 874 2190 935 Sed
2210 883 2244 932 6

254 978 406 1019 cum
435 966 664 1028 essent,
710 961 772 1017 in
803 957 1022 1036 quibus
1051 959 1448 1019 demonstravi
1478 961 1794 1035 angustiis,
1838 977 1907 1018 ac
1948 976 2012 1019 se
2041 957 2192 1018 Libo

257 1061 406 1103 cum
434 1042 650 1103 Bibulo
680 1045 1103 1112 coniunxisset,
1137 1043 1462 1121 loquuntur
1485 1042 1661 1103 ambo
1681 1061 1752 1102 ex
1776 1042 2026 1103 navibus
2054 1060 2192 1102 cum

248 1125 365 1188 Μ’.
410 1126 599 1187 Acilio
639 1134 701 1186 et
738 1125 926 1186 Statio
967 1126 1169 1186 Murco
1208 1127 1450 1203 legatiS,
1500 1144 1751 1205 quorum
1795 1127 1945 1186 alter
1987 1126 2192 1205 oppidi

259 1213 487 1280 muriS,
531 1211 682 1270 alter
709 1209 1028 1288 praesidiis
1057 1209 1445 1270 terrestribus
1473 1216 1779 1289 praeerat:
1841 1210 1989 1270 velle
2022 1229 2084 1269 se
2117 1210 2191 1270 de

261 1296 548 1355 maximis
587 1292 770 1355 rebus
811 1312 948 1353 cum
978 1293 1231 1355 Caesare
1259 1294 1441 1372 loqui,
1477 1297 1527 1355 si
1563 1294 1682 1354 sibi
1711 1294 1963 1354 facultas
1993 1294 2187 1355 detur.

261 1379 398 1439 Huc
429 1378 653 1438 addunt
682 1395 869 1456 pauca
898 1381 989 1438 rei
1019 1379 1456 1438 confirmandae
1487 1396 1720 1446 causae,
1753 1385 1820 1438 ut
1850 1378 1922 1436 de
1947 1395 2185 1456 compo·
2210 1385 2241 1434 ⁷

262 1465 488 1523 sitione
520 1465 712 1521 acturi
746 1461 1104 1522 viderentur.
1165 1463 1413 1523 Interim
1434 1462 1750 1541 postulant,
1783 1471 1849 1522 ut
1869 1464 1987 1521 sint
2017 1461 2190 1520 indu-

234 1590 237 1591 .
263 1549 406 1615 tiae,
439 1553 615 1624 atque
646 1545 720 1606 ab
751 1547 831 1606 iis
858 1548 1195 1625 impetrant.
1256 1547 1531 1624 Magnum
1558 1549 1736 1616 enim,
1769 1545 1927 1624 quod
1952 1545 2185 1605 adfere-
2208 1552 2241 1601 8

264 1630 443 1699 bant,
474 1629 818 1699 videbatur,
863 1638 925 1691 et
954 1632 1267 1692 Caesarem
1297 1632 1359 1690 id
1390 1649 1617 1692 summe
1648 1630 1919 1691 sciebant
1948 1646 2188 1709 cupere,

265 1721 330 1774 et
356 1715 692 1794 profectum
721 1715 945 1792 aliquid
973 1715 1195 1775 Vibulli
1226 1715 1520 1775 mandatis
1551 1714 2024 1775 existimabatur.

400 1797 546 1858 XVI.
593 1797 807 1857 Caesar
847 1816 918 1856 eo
961 1805 1228 1875 tempore
1268 1816 1406 1859 cum
1446 1799 1679 1874 legione
1723 1816 1839 1858 una
1883 1799 2239 1875 profectusl

267 1882 344 1943 ad
388 1880 765 1956 recipiendas
806 1881 1120 1940 ulteriores
1161 1883 1431 1940 civitates
1471 1888 1531 1940 et
1569 1899 1695 1941 rem
1740 1883 2190 1941 frumentariam

267 1962 731 2042 expediendam,
774 1981 890 2041 qua
921 1971 1166 2040 anguste
1196 1963 1506 2032 utebatur,
1550 1972 1680 2024 erat
1710 1965 1782 2024 ad
1812 1965 2187 2032 Buthrotum,

267 2049 607 2127 oppositum
638 2044 946 2125 Corcyrae.
1028 2045 1118 2106 Ibi
1158 2049 1383 2107 certior
1421 2046 1495 2107 ab
1527 2048 1716 2107 Acilio
1757 2056 1818 2106 et
1844 2049 2047 2107 Murco
2075 2066 2185 2126 per
2207 2056 2239 2104 2

267 2134 501 2193 litteras
549 2132 742 2191 factus
794 2131 866 2192 de
909 2131 1219 2209 postulatis
1257 2130 1507 2192 Libonis
1545 2139 1607 2191 et
1646 2132 1849 2192 Bibuli
1891 2133 2190 2209 legionem

268 2218 582 2295 relinquit;
613 2217 743 2293 ipse
764 2214 1008 2276 Oricum
1031 2217 1369 2276 revertitur.
1475 2213 1554 2275 Eo
1580 2232 1715 2275 cum
1738 2217 2013 2284 venisset,
2049 2233 2182 2274 evo·
2204 2223 2238 2272 3

269 2307 479 2364 cantur
530 2300 618 2364 illi
670 2300 741 2360 ad
792 2299 1168 2378 colloquium.
1257 2298 1465 2360 Prodit
1513 2298 1664 2359 Libo
1715 2308 1891 2378 atque
1946 2305 2187 2359 excusat

269 2382 577 2453 Bibulum,
639 2384 796 2462 quod
837 2386 892 2444 is
932 2384 1239 2445 iracundia
1283 2401 1512 2455 summa
1553 2392 1685 2443 erat
1726 2386 2188 2461 inimicitiasque

271 2467 529 2528 habebat
557 2470 736 2528 etiam
767 2470 1030 2547 privatas
1050 2486 1186 2528 cum
1210 2467 1461 2528 Caesare
1492 2486 1564 2528 ex
1594 2467 1895 2528 aedilitate
1926 2474 1987 2527 et
2013 2484 2188 2547 prae-

271 2561 402 2612 tura
442 2562 788 2630 conceptas:
842 2551 921 2614 ob
965 2571 1094 2612 eam
1136 2569 1375 2613 causam
1413 2551 1772 2629 colloquium
1811 2554 2057 2620 vitasse,
2112 2568 2188 2610 ne

271 2653 369 2695 res
415 2638 704 2696 maximae
757 2638 887 2714 spei
936 2638 1344 2714 maximaeque
1396 2635 1670 2695 utilitatis
1712 2637 1839 2695 eius
1879 2635 2188 2697 iracundia
2273 2649 2278 2654 ’

270 2719 721 2795 impedirentur.
809 2719 1109 2780 Summam
1157 2736 1344 2781 suam
1401 2737 1532 2779 esse
1581 2737 1648 2779 ac
1705 2720 1889 2778 fuisse
1948 2736 2185 2798 semper
2206 2726 2241 2775 4

272 2800 648 2871 voluntatem,
680 2808 748 2861 ut
775 2813 1231 2882 componeretur
1254 2811 1431 2883 atque
1454 2802 1529 2864 ab
1553 2805 1736 2863 armis
1758 2802 2185 2871 discederetur,

274 2884 377 2945 sed
415 2890 769 2962 potestatem
809 2889 941 2945 eius
977 2890 1069 2948 rei
1111 2888 1333 2947 nullam
1374 2887 1627 2956 habere,
1669 2894 1988 2965 propterea
2030 2886 2189 2964 quod

277 2970 347 3030 de
391 2967 628 3027 consilii
678 2972 968 3030 sententia
1017 2988 1304 3030 summam
1355 2970 1499 3031 belli
1548 2987 1870 3049 rerumque
1921 2972 2189 3029 omnium

273 3052 552 3150 Pompeio
601 3053 1003 3130 permiserint.
1093 3054 1209 3113 Sed
1260 3055 1570 3132 postulatis
1610 3056 1879 3117 Caesaris
1928 3045 2239 3129 cognitis&

276 3138 559 3196 missuros
588 3135 661 3195 ad
692 3135 1069 3214 Pompeium,
1115 3144 1290 3215 atque
1332 3138 1497 3198 illum
1528 3140 1756 3217 reliqua
1787 3156 1896 3220 per
1928 3154 1990 3197 se
2020 3144 2187 3196 actu-

276 3236 404 3279 rum
443 3218 824 3279 hortantibus
865 3221 1032 3299 ipsis.
1090 3219 1326 3280 Interea
1365 3229 1678 3283 manerent
1704 3222 2001 3291 indutiae,
2047 3222 2189 3281 dum

279 3302 348 3363 ab
375 3303 471 3364 illo
499 3303 689 3364 rediri
719 3310 941 3381 posset,
973 3321 1122 3363 neve
1151 3303 1301 3363 alter
1329 3303 1502 3363 alteri
1532 3313 1796 3366 noceret.
1864 3306 1992 3366 Huc
2022 3305 2190 3365 addit

277 3405 452 3465 pauca
483 3387 557 3447 de
587 3405 764 3447 causa
793 3396 853 3449 et
882 3387 955 3447 de
986 3388 1177 3466 copiis
1205 3387 1561 3465 auxiliisque
1592 3391 1734 3450 suis.

394 3469 569 3531 XVII.
616 3470 848 3541 Quibus
887 3470 1071 3531 rebus
1109 3488 1303 3550 neque
1345 3477 1471 3530 tum
1518 3472 1996 3550 respondendum
2038 3441 2238 3535 Cae-1

275 3571 367 3613 sar
394 3555 764 3626 existimavit,
797 3573 990 3638 neque
1013 3573 1193 3625 nunc,
1224 3562 1293 3616 ut
1314 3556 1639 3615 memoriae
1666 3556 2011 3637 prodantur,
2045 3560 2189 3619 satis
