2750 4255
589 342 816 400 COMM.
842 343 885 400 Ι.
930 340 1087 399 CAP.
1116 341 1826 400 Lxxxlm—Lxxxvn.
2081 336 2164 402 41

227 526 374 571 sum
389 554 407 580 ,
451 526 604 588 quae
644 516 896 589 propter
936 509 1393 572 diuturnitatem
1431 511 1598 589 pacis
1623 509 1854 571 nullum
1885 508 2173 571 auxilium

228 592 624 654 desiderarit.
695 592 908 655 Omnia
949 594 1098 655 haec
1136 594 1256 655 iam
1306 594 1544 674 pridem
1584 601 1790 655 contra
1830 612 1895 655 se
1935 596 2169 674 parari:
2190 602 2226 653 8

228 679 302 739 in
334 695 404 739 se
435 679 574 738 novi
615 679 855 756 generis
894 680 1149 758 imperia
1179 681 1496 749 constitui,
1544 683 1611 739 ut
1651 677 1814 739 idem
1856 677 1929 738 ad
1968 684 2172 757 portas

229 760 497 823 urbanis
523 762 864 841 praesideat
902 761 1088 823 rebus
1116 769 1177 822 et
1219 762 1366 823 duas
1406 762 1892 824 bellicosissimas
1930 763 2170 841 provin-

231 847 368 907 cias
407 844 624 907 absens
663 851 752 907 tot
795 848 966 906 annis
996 845 1294 917 obtineat;
1337 848 1403 907 in
1433 864 1497 907 se
1537 848 1672 907 iura
1712 848 2168 923 magistratuum
2187 852 2222 902 ο

235 931 630 1000 commutari,
672 947 748 990 ne
780 948 853 990 ex
881 937 1162 1010 praetura
1193 937 1255 991 et
1295 930 1624 1001 consulatu,
1666 937 1734 992 ut
1767 947 2021 1009 semper,
2064 929 2172 991 sed

233 1032 355 1095 per
393 1032 616 1094 paucos
659 1012 898 1093 probati
926 1021 989 1074 et
1030 1014 1204 1075 electi
1247 1017 1310 1076 in
1351 1017 1692 1095 provincias
1721 1016 2062 1084 mittantur;
2106 1016 2171 1074 in

239 1116 310 1159 se
343 1100 524 1159 etiam
554 1100 768 1159 aetatis
798 1100 1241 1159 excusationem
1269 1099 1424 1160 nihil
1451 1099 1668 1169 valere,
1712 1098 1868 1179 quod
1897 1098 2168 1178 superio-

239 1181 416 1244 ribus
443 1181 620 1245 bellis
646 1180 884 1262 probati
912 1182 986 1243 ad
1016 1183 1369 1262 optinendos
1389 1186 1691 1244 exercitus
1718 1189 2069 1252 evocentur;
2102 1183 2168 1242 in
2193 1189 2257 1239 10

241 1285 312 1328 se
342 1284 464 1327 uno
491 1284 612 1327 non
641 1268 899 1337 servari,
942 1267 1099 1346 quod
1140 1268 1219 1327 sit
1252 1267 1529 1328 omnibus
1558 1267 1760 1328 datum
1790 1285 2029 1346 semper
2057 1268 2169 1327 im-

240 1350 657 1432 peratoribuS,
717 1356 788 1411 ut
843 1349 1026 1411 rebus
1074 1351 1336 1412 feliciter
1379 1353 1567 1429 gestis
1610 1358 1714 1412 aut
1762 1368 1899 1410 cum
1946 1351 2172 1411 honore

241 1436 444 1516 aliquo
476 1441 579 1496 aut
607 1442 771 1495 certe
802 1437 932 1497 sine
962 1436 1290 1513 ignominia
1320 1435 1561 1496 domum
1590 1441 1972 1495 revertantur
2002 1451 2172 1494 exer-

242 1522 553 1599 citumque
584 1519 905 1580 dimittant.
965 1517 1127 1590 Quae
1168 1527 1366 1581 tamen
1398 1522 1596 1580 omnia
1625 1524 1686 1579 et
1722 1536 1786 1579 se
1829 1517 2036 1580 tulisse
2066 1535 2168 1596 pa·
2191 1524 2252 1574 11

242 1606 468 1666 tienter
499 1611 559 1664 et
587 1621 721 1665 esse
750 1603 1040 1674 laturum;
1084 1622 1278 1684 neque
1319 1622 1479 1665 nunc
1516 1603 1581 1664 id
1624 1620 1823 1681 agere,
1855 1608 1922 1663 ut
1950 1601 2024 1670 ab
2055 1601 2175 1662 illis

246 1688 572 1750 abductum
602 1690 932 1749 exercitum
960 1695 1157 1750 teneat
1189 1690 1339 1768 ipse,
1371 1688 1531 1769 quod
1561 1694 1761 1749 tamen
1784 1686 1900 1748 sibi
1932 1685 2173 1747 difficile

247 1791 369 1835 non
410 1775 520 1844 sit,
563 1773 669 1834 sed
708 1791 784 1834 ne
814 1773 904 1833 illi
945 1772 1234 1842 habeant,
1279 1791 1398 1852 quo
1440 1779 1647 1834 contra
1687 1789 1754 1832 se
1796 1772 1885 1832 uti
1913 1772 2172 1851 possint.

247 1857 537 1928 Proinde,
579 1864 647 1917 ut
687 1864 846 1917 esset
887 1856 1139 1926 dictum,
1183 1859 1511 1934 provinciis
1550 1856 1912 1917 excederent
1940 1856 2169 1916 exerci-
2192 1861 2255 1911 12

250 1948 496 2019 tumque
539 1940 947 2009 dimitterent;
990 1942 1041 1999 si
1083 1940 1147 1999 id
1189 1942 1267 1999 sit
1293 1942 1546 2010 factum,
1588 1958 1655 2000 se
1696 1942 2037 2000 nociturum
2069 1956 2174 1998 ne-

251 2025 423 2086 mini.
466 2022 634 2083 Hanc
653 2041 833 2083 unam
857 2029 1031 2101 atque
1055 2030 1385 2082 extremam
1398 2040 1531 2083 esse
1553 2024 1719 2102 pacis
1741 2022 2175 2082 condicionem.

378 2105 691 2171 LXXXVI.
753 2105 820 2168 ld
850 2123 993 2167 vero
1020 2105 1311 2168 militibus
1343 2106 1459 2167 fuit
1498 2111 1846 2186 pergratum
1875 2113 1936 2166 et
1962 2106 2175 2166 iucun-
2201 2112 2230 2163 1

257 2193 424 2263 dum,
469 2198 537 2253 ut
574 2210 646 2252 ex
687 2194 817 2271 ipsa
857 2191 1291 2268 significatione
1331 2193 1613 2269 cognosci
1654 2191 1877 2269 potuit,
1931 2197 2026 2259 ut,
2073 2191 2176 2269 qui

257 2278 479 2357 aliquid
524 2279 671 2338 iusti
710 2275 1072 2354 incommodi
1114 2277 1617 2354 exspectavissent,
1660 2275 1819 2336 ultro
1846 2276 2179 2355 praemium

257 2363 559 2423 missionis
586 2362 837 2422 ferrent.
911 2358 1060 2420 Nam
1091 2378 1225 2421 cum
1258 2360 1331 2420 de
1372 2360 1504 2421 loco
1534 2368 1597 2420 et
1625 2366 1894 2439 tempore
1925 2359 2055 2419 eius
2082 2358 2175 2419 rei
2197 2365 2228 2415 2

258 2447 660 2508 controversia
698 2446 1055 2515 inferretur,
1101 2452 1162 2505 et
1202 2462 1345 2505 voce
1389 2451 1451 2505 et
1491 2443 1766 2506 manibus
1794 2444 2061 2504 universi
2103 2460 2178 2503 ex

257 2531 437 2601 vallo,
479 2529 588 2591 ubi
627 2532 1048 2599 constiterant,
1091 2529 1431 2606 significare
1472 2534 1825 2609 coeperunt,
1870 2533 1945 2588 ut
1978 2528 2179 2587 statim

261 2615 729 2685 dimitterentur,
774 2632 970 2694 neque
1013 2615 1174 2674 omni
1216 2615 1569 2693 interposita
1612 2612 1728 2673 fide
1768 2613 2007 2673 firmum
2047 2627 2179 2672 esse

260 2716 460 2779 posse,
504 2701 555 2759 si
595 2701 660 2759 in
690 2698 850 2759 aliud
891 2706 1128 2777 tempus
1156 2697 1520 2759 differretur.
1590 2696 1805 2758 Paucis
1843 2714 1979 2756 cum
2020 2703 2179 2756 esset
2197 2702 2231 2752 3

261 2786 324 2845 in
352 2789 663 2862 utramque
695 2789 930 2861 partem
957 2781 1161 2843 verbis
1192 2783 1590 2861 disputatum,
1633 2798 1733 2840 res
1772 2779 1891 2840 huc
1933 2780 2178 2841 deduci-

262 2874 374 2935 tur,
405 2873 474 2926 ut
494 2867 570 2937 ei,
594 2869 699 2945 qui
728 2865 988 2928 habeant
1011 2866 1377 2927 domicilium
1403 2873 1504 2927 aut
1533 2866 1968 2944 possessionem
1997 2865 2062 2924 in
2074 2863 2178 2923 Hi-

263 2950 489 3030 spania,
524 2951 754 3020 statim,
798 2951 1017 3027 reliqui
1048 2950 1122 3011 ad
1151 2949 1369 3012 Varum
1400 2950 1622 3010 flumen
1651 2949 2055 3016 dimittantur;
2097 2965 2173 3007 ne
2196 2954 2232 3004 4

264 3033 402 3115 quid
445 3034 535 3094 eis
563 3040 878 3104 noceatur,
920 3051 1039 3096 neu
1069 3036 1206 3114 quis
1249 3036 1473 3094 invitus
1499 3038 1938 3094 sacramentum
1979 3029 2182 3091 dicere

263 3124 535 3196 cogatur,
569 3135 602 3177 a
633 3118 887 3179 Caesare
916 3125 1181 3178 cavetur.

380 3199 716 3264 LXXXVII.
797 3202 1014 3264 Caesar
1056 3220 1128 3262 ex
1168 3220 1239 3262 eo
1288 3209 1587 3281 tempore,
1640 3201 1782 3262 dum
1832 3199 1905 3260 ad
1954 3198 2177 3270 flumen
2201 3209 2230 3257 1

263 3286 477 3349 Varum
506 3287 803 3357 veniatur,
833 3304 898 3347 se
921 3286 1285 3347 frumentum
1316 3286 1592 3346 daturum
1620 3285 1957 3365 pollicetur.
2003 3281 2183 3345 Addit

266 3372 457 3441 etiam,
488 3377 573 3440 ut,
606 3370 764 3447 quod
793 3372 1047 3451 quisque
1071 3388 1278 3430 eorum
1307 3373 1370 3431 in
1401 3369 1557 3430 bello
1576 3370 1863 3440 amiserit,
1885 3386 2038 3449 quae
2059 3370 2184 3429 sint

266 3473 445 3534 penes
473 3454 698 3516 milites
727 3473 883 3526 suos,
915 3456 1011 3524 iis,
1045 3456 1148 3532 qui
1179 3455 1521 3524 amiserant,
1551 3455 1933 3523 restituatur;
1974 3452 2181 3514 militi-

267 3539 376 3600 bus
406 3557 594 3619 aequa
624 3540 779 3600 facta
811 3539 1220 3600 aestimatione
1251 3540 1564 3617 pecuniam
1593 3555 1702 3617 pro
1730 3537 1826 3597 his
1852 3537 2037 3599 rebus
2064 3537 2181 3596 dis-

267 3624 455 3685 solvit.
516 3622 930 3705 Quascumque
960 3629 1166 3703 postea
1197 3623 1635 3683 controversias
1672 3623 1833 3682 inter
1865 3639 1929 3683 se
1960 3621 2183 3682 milites
2203 3627 2235 3678 2
