2750 4255
589 288 676 356 '16
852 381 860 389 ⁸
1231 294 1329 350 DE
1370 294 1601 351 BELLO
1648 294 1865 352 CIVILI

537 469 571 519 2
594 477 807 521 causae
846 466 1142 540 putamus.
1229 459 1574 521 Postulabat
1614 460 1858 531 Caesar,
1910 467 1979 521 ut
2014 460 2241 539 legatos
2281 458 2407 521 sihi
2449 459 2546 521 ad

592 544 942 623 Pompeium
971 547 1102 605 sine
1131 543 1399 623 periculo
1432 546 1671 605 mittere
1714 544 1957 615 liceret,
2002 545 2185 624 idque
2224 547 2342 624 ipsi
2391 546 2543 605 fore

540 638 573 687 3
596 631 938 709 reciperent
965 635 1067 689 aut
1096 633 1371 707 acceptos
1400 646 1510 706 per
1539 646 1604 689 se
1625 628 1698 689 ad
1721 646 1857 689 eum
1879 629 2300 708 perducerent.
2346 627 2544 698 Quod

594 713 668 774 ad
690 713 956 773 indutias
982 714 1332 793 pertineret,
1365 713 1454 772 sic
1484 711 1628 772 belli
1656 715 1951 773 rationem
1981 731 2111 774 esse
2142 713 2420 778 divisam.
2458 718 2544 773 ut

594 797 682 858 illi
712 794 900 858 classe
931 813 1110 858 naves
1138 796 1476 875 auxiliaque
1507 815 1613 857 sua
1646 796 2040 875 impedirent,
2084 798 2214 876 ipse
2254 802 2324 856 ut
2367 814 2544 876 aqua

541 889 577 938 4
596 884 875 960 terraque
905 898 1009 941 eos
1035 879 1403 960 prohiberet.
1486 879 1551 940 Si
1579 880 1693 941 hoc
1723 879 1842 941 sibi
1871 882 2097 942 remitti
2126 880 2373 949 vellent,
2427 898 2540 941 re-

596 968 905 1026 mitterent
937 965 1059 1043 ipsi
1100 964 1174 1024 de
1215 965 1548 1025 maritumis
1587 964 1907 1035 custodiis;
1950 967 2002 1025 si
2043 963 2191 1024 illud
2220 971 2540 1034 tenerent,

595 1068 659 1108 se
690 1066 925 1127 quoque
955 1047 1019 1108 id
1048 1054 1441 1109 retenturum.
1523 1047 1723 1109 Nihilo
1753 1051 1953 1109 minus
1982 1054 2182 1108 tamen
2214 1050 2309 1125 agi
2338 1066 2540 1126 posse

597 1132 670 1192 de
701 1133 1155 1211 compositione,
1200 1140 1268 1192 ut
1295 1132 1444 1193 haec
1473 1150 1593 1193 non
1622 1134 2104 1201 remitterentur,
2137 1149 2332 1211 neque
2361 1131 2538 1192 hanc

543 1225 577 1275 ⁵
595 1234 725 1276 rem
765 1234 895 1276 esse
933 1216 1347 1296 impedimenti
1391 1216 1540 1277 loco.
1600 1216 1704 1276 Ille
1744 1234 1938 1297 neque
1977 1217 2204 1294 legatos
2246 1215 2538 1277 Caesaris

596 1302 870 1379 recipere
892 1318 1085 1381 neque
1115 1300 1447 1380 periculum
1469 1306 1775 1380 praestare
1798 1318 2022 1371 eorum,
2056 1301 2159 1361 sed
2182 1307 2366 1360 totam
2388 1318 2535 1361 rem

597 1385 671 1446 ad
699 1383 1049 1464 Pompeium
1077 1386 1342 1444 reicere:
1373 1403 1559 1445 unum
1588 1386 1812 1445 instare
1831 1385 1905 1445 de
1929 1385 2179 1445 indutiis
2201 1384 2534 1445 vehemen-

542 1476 576 1527 6
598 1471 945 1549 tissimeque
976 1467 1362 1529 contendere.
1422 1467 1611 1538 Quem
1639 1468 1744 1528 ubi
1776 1468 1991 1530 Caesar
2020 1468 2316 1529 intellexit
2344 1487 2534 1547 prae-

596 1555 784 1613 sentis
813 1552 1068 1632 periculi
1108 1559 1283 1629 atque
1323 1553 1563 1630 inopiae
1602 1552 1873 1612 vitandae
1915 1571 2091 1614 causa
2120 1571 2354 1613 omnem
2384 1571 2535 1612 ora-

595 1639 824 1697 tionem
872 1635 1203 1696 instituisse
1253 1653 1450 1714 neque
1503 1635 1682 1696 ullam
1735 1655 1902 1715 spem
1952 1644 2052 1698 aut
2109 1636 2534 1697 condicionem

596 1721 764 1798 pacis
791 1718 1024 1787 afferre,
1063 1718 1134 1778 ad
1164 1719 1458 1798 reliquam
1487 1721 1905 1796 cogitationem
1934 1720 2075 1781 belli
2107 1739 2239 1781 sese
2269 1721 2530 1799 recepit.

548 1809 579 1861 1
725 1802 931 1864 XVIII.
986 1802 1237 1863 Bibulus
1274 1803 1492 1864 multos
1532 1804 1661 1865 dies
1704 1811 1863 1865 terra
1903 1804 2245 1883 prohibitus
2285 1811 2345 1864 et
2384 1821 2531 1882 gra-

595 1889 763 1948 viore
806 1886 1015 1948 morbo
1057 1905 1130 1947 ex
1167 1888 1396 1966 frigore
1431 1906 1499 1949 ac
1526 1887 1732 1949 labore
1762 1888 2101 1967 inplicitus,
2146 1906 2281 1949 cum
2324 1906 2531 1967 neque

597 1972 795 2032 curari
833 1978 1036 2051 posset
1072 1989 1267 2052 neque
1309 1980 1652 2051 susceptum
1690 1973 1953 2033 officium
1992 1973 2273 2034 deserere
2323 1972 2528 2040 vellet,

542 2064 578 2115 2
599 2059 719 2117 vim
747 2054 943 2116 morbi
974 2057 1269 2116 sustinere
1300 2074 1420 2116 non
1450 2058 1661 2135 potuit.
1733 2057 1820 2116 Eo
1849 2064 2086 2118 mortuo
2116 2057 2188 2117 ad
2217 2059 2528 2116 neminem

599 2159 784 2202 unum
815 2158 1042 2201 summa
1071 2141 1314 2219 imperii
1340 2140 1530 2212 redit,
1574 2141 1677 2202 sed
1720 2144 2039 2221 separatim
2070 2160 2236 2203 suam
2266 2144 2526 2220 quisque

543 2232 578 2284 8
601 2225 848 2286 classem
881 2224 952 2284 ad
983 2223 1300 2285 arbitrium
1330 2242 1502 2285 suum
1545 2225 2017 2287 administrabat.
2094 2225 2386 2286 Vibullius
2425 2242 2528 2286 se-

598 2309 735 2369 dato
767 2306 1053 2376 tumultu,
1098 2326 1277 2385 quem
1315 2311 1671 2387 repentinus
1700 2309 1970 2371 Caesaris
2008 2310 2292 2370 adventus
2321 2311 2529 2370 conci-

597 2397 856 2460 taverat,
898 2389 1005 2451 ubi
1047 2394 1308 2469 primum
1338 2410 1372 2453 e
1401 2411 1469 2453 re
1498 2395 1692 2454 visum
1722 2400 1841 2462 est,
1889 2393 2155 2455 adhibito
2184 2392 2416 2455 Libone
2460 2400 2532 2453 et

597 2474 666 2536 L.
711 2474 969 2535 Lucceio
1013 2482 1073 2535 et
1115 2476 1505 2556 Theophane,
1560 2477 1920 2554 quibuscum
1963 2480 2402 2539 communicare
2446 2477 2527 2537 de

598 2560 875 2619 maximis
913 2557 1096 2620 rebus
1123 2559 1442 2640 Pompeius
1481 2570 1896 2633 consueverat,
1948 2563 2021 2623 de
2051 2562 2345 2623 mandatis
2375 2562 2526 2623 Cae-

472 2645 479 2650 ’
545 2649 581 2699 4
602 2644 752 2703 saris
783 2659 962 2720 agere
990 2644 1269 2706 instituit.
1329 2644 1519 2715 Quem
1547 2647 1884 2723 ingressum
1904 2649 1965 2707 in
1991 2664 2324 2708 sermonem
2346 2646 2526 2707 Pom-

596 2727 770 2805 peius
797 2727 1200 2806 interpellavit
1241 2736 1301 2791 et
1339 2729 1502 2810 loqui
1545 2727 1717 2808 plura
1751 2731 2081 2810 prohibuit.
2146 2726 2316 2808 Quid
2339 2728 2524 2808 mihi,

597 2812 820 2890 inquit,
874 2812 990 2873 aut
1028 2811 1162 2875 vita
1202 2814 1319 2875 aut
1355 2810 1601 2875 civitate
1641 2830 1797 2893 opus
1830 2816 1943 2892 est,
1999 2832 2192 2895 quam
2232 2812 2524 2895 beneficio

600 2890 894 2958 Caesaris
919 2892 1146 2958 habere
1170 2893 1469 2959 videbor?
1522 2896 1699 2959 cuius
1725 2897 1820 2960 rei
1848 2898 2059 2979 opinio
2088 2896 2223 2961 tolli
2248 2916 2381 2961 non
2395 2916 2525 2979 po-

597 2977 768 3055 terit,
813 2996 953 3042 cum
980 2977 1053 3042 in
1080 2976 1380 3057 Italiam,
1423 2998 1500 3043 ex
1527 2998 1655 3061 qua
1676 2979 1989 3061 profectus
2014 3000 2185 3060 sum,
2228 2982 2524 3046 reductus

542 3069 578 3121 5
599 3060 1015 3126 existimabor.
1085 3064 1251 3126 Bello
1293 3066 1560 3144 perfecto
1603 3065 1677 3126 ab
1708 3068 1786 3127 iis
1815 3068 2029 3129 Caesar
2057 3068 2205 3128 haec
2233 3069 2389 3129 facta
2420 3087 2524 3129 co·

597 3150 828 3225 gnovit,
878 3150 980 3226 qui
1022 3151 1287 3209 sermoni
1327 3150 1762 3220 interfuerunt;
1815 3160 2063 3214 conatus
2101 3159 2300 3214 tamen
2330 3152 2527 3214 nihilo

597 3234 797 3292 minus
828 3242 918 3292 est
948 3232 1080 3293 aliis
1110 3230 1465 3303 rationibuS,
1496 3252 1606 3312 per
1635 3234 1926 3314 colloquia
1958 3236 2030 3296 de
2060 3255 2206 3315 pace
2238 3254 2437 3314 agere.

547 3322 578 3374 1
729 3315 960 3376 XVIIII.
1005 3316 1170 3376 Inter
1198 3315 1340 3376 bina
1364 3323 1557 3378 castra
1575 3318 1821 3399 Pompei
1845 3328 2020 3400 atque
2046 3321 2317 3382 Caesaris
2339 3339 2525 3382 unum

597 3400 821 3470 flumen
856 3396 1145 3479 [tantum]
1181 3402 1473 3462 intererat
1498 3404 1718 3481 Apsus,
1757 3403 2088 3483 crebraque
2122 3408 2279 3466 inter
2309 3423 2372 3465 se
2403 3406 2524 3466 col-

597 3480 798 3563 loquia
838 3483 1059 3544 milites
1099 3483 1430 3556 habehant,
1472 3505 1665 3567 neque
1710 3488 1897 3549 ullum
1932 3491 2173 3550 interim
2204 3489 2386 3549 telum
2414 3509 2528 3569 per

543 3574 576 3626 2
598 3568 907 3649 pactiones
935 3568 1304 3649 loquentium
1330 3570 1744 3634 traiciebatur.
1803 3573 1985 3634 Mittit
2013 3573 2079 3635 P.
2110 3574 2413 3635 Vatinium
2439 3574 2525 3636 le-

2671 550 2677 617 ἵ
