2750 4255
607 330 832 388 COMM.
861 331 958 389 111.
1004 330 1157 388 cAP.
1184 331 1774 390 xxm—xxxxv.
2070 323 2156 390 89

219 499 547 578 Pompeius
574 497 957 558 multitudine
988 500 1258 577 equitum
1286 497 1538 568 valebat,
1581 516 1700 579 quo
1731 498 1960 559 minore
1990 499 2156 577 peri-

222 583 364 644 culo
398 582 665 661 undique
706 582 1077 642 frumentum
1122 589 1634 662 commeatumque
1674 584 1966 643 exercitui
2009 581 2152 644 sub-

220 673 467 748 portare
517 672 751 745 posset‚
805 666 1014 736 simul,
1061 667 1151 726 uti
1200 665 1583 744 pabulatione
1622 665 1971 746 Pompeium
2010 683 2152 745 pre·

219 750 466 813 biberet
516 751 967 830 equitatumque
1012 751 1143 810 eius
1194 750 1269 810 ad
1317 768 1452 811 rem
1502 750 1828 828 gerendam
1875 751 2152 812 inutilem

221 836 496 897 efficeret
512 881 528 904 ,
573 835 751 895 tertio
767 880 783 903 ‚
824 841 893 894 ut
932 836 1379 906 auctoritatem,
1424 852 1542 914 qua
1580 835 1681 895 ille
1708 836 1964 895 maxime
1994 833 2152 914 apud

222 926 466 981 exteras
488 920 765 980 nationes
791 918 903 978 niti
941 917 1274 989 videbatur,
1318 921 1638 987 minueret,
1683 936 1818 979 cum
1847 920 2005 980 fama·
2040 936 2153 997 per

222 1002 435 1065 orbem
464 1010 764 1063 terrarum
792 1001 1267 1081 percrebuisset,
1308 1003 1484 1064 illum
1522 1022 1557 1065 a
1588 1003 1840 1065 Caesare
1883 1002 2154 1064 obsideri

221 1106 419 1167 neque
451 1087 674 1148 audere
703 1085 931 1166 proelio
962 1086 1273 1148 dimicare.

353 1170 705 1232 XXXXIIII.
777 1170 1098 1250 Pompeius
1136 1189 1330 1250 neque
1384 1190 1418 1233 a
1465 1173 1622 1233 mari
1662 1172 2147 1252 Dyrrhachioque
2173 1180 2203 1230 1

227 1256 535 1318 discedere
581 1254 841 1325 volebat,
897 1254 1055 1334 quod
1106 1273 1342 1316 omnem
1386 1262 1733 1335 apparatum
1783 1256 1956 1327 belli,
2013 1257 2150 1328 tela,

226 1358 387 1403 arma
402 1386 419 1410 ,
461 1346 759 1401 tormenta
800 1337 888 1400 ibi
929 1339 1318 1401 collocaverat
1344 1340 1828 1420 frumentumque
1859 1342 2152 1402 exercitui

226 1423 486 1486 navibus
520 1422 942 1504 subportabat,
985 1441 1182 1504 neque
1225 1424 1588 1486 munitiones
1628 1425 1900 1485 Caesaris
1947 1425 2150 1506 prohi-

226 1509 370 1570 bere
400 1514 658 1587 poterat,
700 1510 821 1569 nisi
854 1508 1086 1588 proelio
1114 1508 1430 1570 decertare
1459 1508 1666 1578 vellen
1710 1509 1869 1588 quod
1899 1526 1971 1569 eo
2000 1515 2151 1569 tem-

226 1611 371 1674 pore
412 1599 705 1653 statuerat
744 1609 865 1652 non
908 1610 1041 1654 esse
1089 1593 1450 1655 faciendum.
1529 1592 2034 1673 Relinquebatur,
2085 1601 2154 1654 ut
2173 1602 2206 1652 2

224 1683 555 1739 extremam
595 1678 892 1738 rationem
931 1675 1076 1737 belli
1117 1696 1378 1758 sequens
1418 1695 1595 1757 quam
1639 1679 1935 1758 plurimos
1972 1678 2153 1739 colles

224 1768 547 1841 occuparet
576 1767 638 1822 et
668 1779 845 1840 quam
887 1761 1205 1823 latissimas
1238 1765 1521 1840 regiones
1556 1762 1877 1842 praesidiis
1917 1769 2156 1824 teneret

223 1847 615 1925 Caesarisque
674 1845 906 1925 copias,
965 1864 1143 1925 quam
1199 1848 1456 1907 maxime
1513 1853 1744 1925 posset,
1806 1845 2150 1916 distineret;

221 1930 406 2009 idque
458 1928 697 1989 accidit.
786 1929 1056 1991 Castellis
1104 1932 1264 1990 enim
1310 1942 1518 1990 xx1111
1570 1929 1801 1990 effectis
1842 1941 1942 1989 xv
1990 1930 2150 1992 milia
2170 1938 2204 1988 3

126 2019 134 2023 ’
222 2030 510 2094 passuum
539 2012 792 2073 circuitu
821 2014 1146 2093 amplexus,
1177 2013 1291 2073 hoc
1320 2015 1512 2093 spatio
1539 2012 1965 2092 pabulabatur;
1997 2013 2150 2075 mul-

222 2106 404 2178 taque
436 2103 610 2158 erant
638 2098 798 2159 intra
829 2116 965 2160 eum
1004 2098 1203 2159 locum
1230 2116 1412 2160 manu
1452 2104 1607 2169 sata,
1651 2096 1871 2178 quibus
1909 2096 2153 2160 interim

222 2185 494 2243 iumenta
519 2189 811 2261 pasceret.
882 2183 1074 2263 Atque
1105 2190 1173 2245 ut
1204 2185 1397 2244 nostri
1436 2188 1758 2262 perpetuas
1784 2184 2150 2244 munitiones
2169 2189 2204 2241 4

224 2264 530 2327 habehant
569 2267 887 2345 perductas
927 2286 1001 2328 ex
1040 2267 1298 2333 castele
1335 2269 1402 2328 in
1441 2268 1717 2347 proxima
1760 2267 2031 2337 castella,
2072 2286 2151 2329 ne

225 2368 344 2430 quo
386 2350 519 2411 loeo
559 2358 946 2431 erumperent
972 2352 1315 2431 Pompeiani
1357 2370 1428 2413 ac
1468 2358 1703 2413 nostros
1742 2357 1877 2431 post
1916 2359 2152 2431 tergum

224 2435 607 2497 adorirentur
640 2433 1015 2516 [timebant]‚
1059 2438 1143 2497 ita
1171 2436 1262 2497 illi
1292 2437 1589 2498 interiore
1610 2439 1801 2517 spatio
1829 2445 2152 2517 perpetuas

223 2521 594 2581 munitiones
630 2519 1005 2590 efficiebant,
1057 2537 1134 2581 ne
1181 2538 1362 2602 quem
1423 2521 1618 2582 locum
1681 2522 1871 2582 nostri
1920 2523 2150 2583 intrare

223 2612 402 2685 atque
444 2605 610 2684 ipsos
650 2623 685 2665 a
726 2610 897 2683 tergo
927 2606 1363 2665 circumvenire
1405 2613 1668 2685 possent.
1740 2604 1855 2667 Sed
1886 2605 1976 2667 illi
2006 2625 2147 2686 ope·
2169 2610 2205 2662 ὅ

220 2688 406 2750 ribus
433 2687 779 2760 vincebant,
825 2689 982 2768 quod
1014 2696 1075 2750 et
1102 2707 1354 2751 numero
1381 2691 1638 2752 militum
1673 2689 2061 2770 praestabant
2091 2697 2152 2751 et

221 2774 518 2833 interiore
548 2774 744 2851 spatie
771 2775 1066 2834 minorem
1097 2776 1418 2836 circuitum
1446 2774 1765 2836 habebant.
1820 2773 1982 2843 Quae
2013 2792 2150 2835 cum
2169 2780 2205 2831 6

224 2862 401 2916 erant
427 2854 556 2916 loca
585 2855 824 2918 Caesari
853 2857 1174 2937 capienda,
1218 2861 1333 2919 etsi
1360 2858 1682 2937 prohibere
1713 2858 2033 2935 Pompeius
2060 2865 2151 2918 to·

225 2942 308 3001 tis
337 2941 529 3017 copiis
569 2947 630 3000 et
670 2940 957 3002 dimicare
986 2960 1106 3003 non
1138 2944 1557 3012 constituerat,
1598 2948 1800 3003 tamen
1841 2942 1968 3001 suis
2004 2940 2154 3003 locis

222 3024 571 3102 sagittarios
609 3024 1061 3106 funditoresque
1093 3025 1398 3096 mittebat,
1441 3043 1694 3105 quorum
1722 3041 2003 3103 magnum
2044 3025 2150 3086 ha-

223 3107 410 3169 bebat
438 3125 772 3178 numerum,
804 3110 1097 3191 multique
1128 3129 1201 3171 ex
1234 3112 1458 3171 nostris
1484 3108 1981 3181 vulnerabantur,
2025 3128 2150 3171 ma-

222 3209 499 3271 gnusque
541 3193 873 3255 incesserat
910 3198 1092 3256 timor
1132 3197 1514 3273 sagittarum,
1557 3200 1734 3274 atque
1775 3212 1983 3256 omnes
2021 3195 2151 3255 fere

221 3277 452 3339 milites
491 3285 595 3339 aut
646 3297 719 3340 ex
759 3281 983 3340 coactis
1035 3286 1138 3340 aut
1186 3298 1260 3340 ex
1298 3278 1654 3340 centonibus
1695 3286 1799 3340 aut
1849 3296 1924 3340 ex
1968 3278 2151 3339 coriis

223 3363 460 3423 tunicas
489 3370 590 3423 aut
619 3365 947 3441 tegimenta
976 3363 1263 3433 fecerant,
1296 3363 1517 3444 quibus
1544 3365 1663 3426 tela
1692 3365 1968 3425 vitarent.

356 3444 656 3507 XXXXV.
733 3447 804 3509 In
835 3448 1200 3524 occupandis
1227 3447 1551 3527 praesidiis
1578 3465 1790 3525 magna
1818 3449 1876 3508 vi
1916 3454 2169 3526 uterque
2194 3454 2224 3504 1

221 3528 561 3591 nitebatur:
606 3530 845 3602 Caesar,
876 3539 945 3593 ut
973 3549 1151 3611 quam
1183 3534 1603 3609 angustissime
1631 3530 1980 3611 Pompeium
2010 3549 2151 3592 con-

221 3616 471 3686 tineret,
494 3613 837 3695 Pompeius,
862 3622 931 3676 ut
959 3633 1139 3697 quam
1164 3616 1459 3696 plurimos
1481 3616 1661 3678 colles
1690 3633 1865 3695 quam
1892 3617 2153 3677 maximo
