2750 4255
623 230 703 294 14
1261 237 1358 293 DE
1400 237 1631 294 BELLO
1677 237 1894 294 01V1L1

620 403 947 472 exercitus,
980 402 1331 482 Pompeium
1358 421 1669 465 remanere
1688 404 1997 466 Brundisii
2027 424 2163 468 eum
2193 408 2611 472 cohortibu:

567 493 600 544 8
621 487 833 563 viginti
852 508 868 557 ;
898 506 1093 567 neque
1112 494 1345 549 certum
1368 489 1623 550 inveniri
1652 496 1905 567 poterat,
1929 489 2346 554 obtinendIne
2376 494 2611 556 Brun-

619 569 761 631 disii
802 588 981 632 causa
1018 571 1109 633 ibi
1149 573 1564 642 remansisset,
1617 590 1734 652 quo
1778 573 2017 635 facilius
2067 594 2247 637 omne
2301 578 2611 640 Hadria-

619 656 806 716 ticum
833 672 997 717 mare
1028 658 1312 717 extremis
1334 655 1538 717 ltaliae
1570 656 1841 734 partibus
1868 659 2360 740 regionibusque
2390 663 2611 724 Grae·

618 740 748 800 ciae
778 741 841 800 in
880 746 1169 819 potestate
1211 738 1468 801 baberet
1495 747 1672 818 atque
1704 759 1778 801 ex
1818 749 2069 822 utraque
2109 752 2290 823 parte
2333 732 2611 808 bellum‘

619 823 1035 896 administrare
1071 830 1314 903 posset,
1375 842 1451 884 an
1507 824 1710 904 inopia
1759 827 1998 887 navium
2055 827 2140 888 ibi
2191 832 2596 900 restitisset,

566 914 601 964 4
621 910 995 984 veritusque,
1041 925 1119 967 ne
1163 907 1266 968 ille
1296 906 1526 968 Italiam
1558 907 1969 971 dimittendam
1997 929 2115 971 non
2146 914 2591 985 existimaret,

618 993 813 1051 exitus
840 991 1502 1071 administrationesque
1522 992 1871 1054 Brundisini
1901 1003 2108 1073 portus
2139 998 2444 1075 inpedire
2477 1001 2587 1059 in-

562 1083 594 1130 5
616 1076 834 1135 stituit.
916 1073 1179 1144 Quorum
1229 1094 1480 1154 operum
1528 1076 1676 1137 haee
1728 1085 1858 1138 erat
1907 1081 2080 1141 ratio.
2157 1079 2290 1150 Qua
2346 1083 2583 1143 fauces

614 1166 786 1218 crant
815 1161 1268 1236 angustissimae
1298 1168 1526 1239 portus,
1557 1161 1746 1222 moles
1765 1170 1941 1242 atque
1965 1181 2245 1240 aggerem
2269 1165 2355 1226 ab
2393 1175 2574 1227 utra-

614 1259 728 1320 que
769 1250 940 1321 parte
979 1243 1174 1303 litoris
1216 1243 1503 1314 iaciebat,
1557 1246 1716 1325 quod
1756 1245 1852 1306 his
1891 1247 2040 1307 locis
2083 1255 2214 1308 erat
2256 1249 2571 1310 vadosum

559 1336 592 1384 6
616 1343 802 1388 mare.
860 1327 1123 1405 Longius
1151 1345 1536 1406 progressus,
1582 1347 1717 1390 cum
1759 1347 1939 1407 agger
1968 1329 2177 1391 altiore
2210 1350 2378 1412 aqua
2411 1352 2564 1394 con-

613 1413 799 1472 tineri
838 1429 957 1472 non
997 1419 1233 1490 posset,
1277 1421 1437 1473 rates
1478 1413 1747 1491 duplices
1791 1430 2027 1494 quoque
2068 1434 2278 1477 versus
2321 1418 2556 1496 pedum

562 1502 594 1551 7
616 1509 766 1555 xxx
794 1513 827 1555 e
856 1497 1101 1572 regione
1141 1495 1318 1558 molis
1356 1497 1720 1558 conlocabat.
1790 1497 1911 1559 Has
1954 1502 2264 1578 quaternis
2304 1501 2553 1560 ancoris

560 1587 594 1635 8
617 1597 688 1639 ex
718 1591 829 1638 1111
858 1580 1090 1656 angulis
1120 1579 1488 1652 destinabat,
1531 1599 1606 1643 ne
1640 1580 1924 1644 fluctibus
1967 1591 2373 1645 moverentur.
2440 1583 2553 1642 His

612 1662 895 1742 perfectis
936 1664 1358 1744 collocatisque
1411 1665 1555 1726 alias
1608 1665 1894 1745 deinceps
1942 1670 2076 1746 pari
2126 1667 2549 1745 magnitudine

559 1755 592 1805 9
615 1751 776 1806 rates
814 1748 1119 1825 iungebat.
1200 1748 1322 1809 Has
1361 1756 1525 1810 terra
1577 1757 1753 1830 atque
1801 1768 2017 1827 aggere
2067 1751 2410 1826 integebat,
2464 1767 2545 1809 ne

613 1830 810 1892 aditus
857 1839 1034 1911 atque
1074 1834 1353 1894 incursus
1406 1832 1480 1894 ad
1531 1834 1966 1896 defendendum
2017 1833 2453 1912 impediretur3
2508 1851 2541 1892 a
2609 1902 2610 1907 η

612 1913 809 1975 fronte
852 1924 1027 1995 atque
1069 1916 1143 1977 ab
1185 1925 1439 1997 utroque
1481 1918 1668 1980 latere
1709 1915 1974 1983 cratibus
2016 1935 2085 1977 ac
2135 1917 2357 1997 pluteis
2396 1935 2537 1996 pro-
2609 1912 2610 1917 ’

534 2006 599 2055 10
615 1997 882 2076 tegebat;
913 2002 980 2060 in
1006 2008 1217 2079 quarta
1246 2020 1482 2082 quaque
1513 2021 1721 2064 earum
1759 2010 1959 2062 turres
2001 1999 2281 2063 binorum
2311 1999 2534 2063 tabula·
2609 2046 2610 2049 η

610 2091 811 2145 torum
844 2083 1177 2157 excitabat,
1220 2104 1338 2167 quo
1372 2087 1742 2148 commodius
1776 2085 1850 2147 ab
1891 2087 2119 2165 impetu
2161 2087 2399 2147 navium
2439 2085 2530 2144 in·

616 2168 964 2247 cendiisque
996 2170 1367 2232 defenderet.

560 2259 589 2308 1
739 2251 946 2313 XXVI.
1017 2252 1234 2316 Contra
1274 2255 1423 2315 haec
1461 2254 1781 2333 Pompeius
1820 2254 1990 2313 navis
2039 2269 2280 2329 magnas
2319 2270 2522 2312 onera-

612 2338 756 2406 riaS,
788 2354 936 2415 quas
964 2339 1030 2397 in
1059 2348 1236 2418 portu
1264 2338 1630 2399 Brundisino
1655 2335 2152 2415 deprehenderat,
2187 2335 2518 2397 adornabat.

610 2419 704 2480 lbi
755 2426 954 2482 turres
992 2440 1128 2483 cum
1168 2423 1357 2484 ternis
1407 2420 1689 2482 tabulatis
1744 2418 2017 2497 erigebat
2066 2438 2281 2500 easque
2324 2421 2516 2481 multis

611 2507 926 2567 tormentis
964 2514 1025 2566 et
1075 2509 1238 2567 omni
1289 2522 1512 2583 genere
1565 2503 1820 2564 telorum
1862 2503 2183 2581 completas
2228 2504 2295 2565 ad
2343 2521 2510 2584 opera

612 2587 881 2650 Caesaris
921 2589 1289 2669 appellebat,
1345 2596 1412 2649 ut
1462 2595 1625 2649 rates
1664 2595 2085 2667 perrumperet
2134 2594 2302 2667 atque
2340 2604 2506 2667 opera

612 2672 1002 2734 disturbaret.
1073 2672 1174 2734 Sic
1204 2672 1419 2733 cotidie
1448 2673 1757 2750 utrimque
1788 2672 2021 2740 eminus
2050 2671 2265 2741 sundiS,
2294 2673 2504 2750 sagittis

558 2764 592 2814 2
615 2756 986 2836 reliquisque
1016 2756 1153 2817 telis
1180 2753 1577 2836 pugnabatur.
1642 2756 1833 2834 Atque
1876 2754 2021 2815 haec
2054 2755 2264 2816 Caesar
2299 2757 2371 2816 ita
2409 2755 2501 2816 ad-

609 2840 1017 2911 ministrabat,
1057 2847 1128 2900 ut
1155 2839 1535 2901 condiciones
1568 2842 1736 2919 pacis
1766 2839 2148 2900 dimittendas
2181 2858 2293 2900 non
2319 2841 2497 2899 existi·

611 2934 835 2997 maret;
868 2943 936 2986 ac
960 2926 1196 2985 tametsi
1219 2940 1581 3003 magnopere
1606 2923 2031 2995 admirabatur,
2055 2923 2319 3001 Magium,
2339 2941 2497 3001 quem

584 3009 685 3082 ,ad
716 3010 1069 3089 Pompeium
1099 3027 1236 3069 cum
1265 3008 1562 3069 mandatis
1590 3010 1867 3078 miserat,
1912 3007 1987 3069 ad
2026 3026 2091 3070 se
2132 3025 2247 3068 non
2275 3008 2490 3077 remitti,

613 3101 789 3174 atque
831 3112 901 3153 ea
940 3110 1040 3153 res
1080 3111 1257 3172 saepe
1300 3100 1586 3171 temptata
1629 3094 1747 3153 etsi
1785 3094 2048 3171 impetus
2088 3094 2219 3152 eius
2255 3090 2490 3151 consilia-

611 3196 728 3257 que
757 3176 1051 3247 tardabat,
1084 3184 1284 3239 tamen
1314 3177 1595 3239 omnibus
1621 3176 1807 3238 rebus
1836 3178 1901 3239 in
1930 3194 2001 3236 eo
2031 3174 2488 3255 perseverandum

557 3271 589 3319 8
611 3259 878 3341 putabat.
937 3260 1143 3341 Itaque
1185 3261 1499 3323 Caninium
1529 3261 1806 3323 Rebilum
1846 3260 2140 3338 legatum,
2184 3258 2485 3320 familiarem

609 3347 1137 3425 necessariumque
1161 3346 1441 3408 Scriboni
1471 3344 1739 3415 Libonis,
1772 3346 1959 3406 mittit
1989 3344 2064 3404 ad
2095 3362 2231 3403 eum
2254 3342 2479 3421 colloquii

612 3446 820 3499 causa;
861 3431 1131 3501 mandat,
1174 3438 1245 3493 ut
1282 3429 1575 3492 Libonem
1618 3429 1690 3490 de
1732 3428 2104 3489 concilianda
2142 3444 2278 3505 pace
2317 3426 2478 3487 horte-

610 3520 744 3585 tur;
776 3516 1072 3595 inprimis»,
1105 3522 1173 3577 ut
1199 3518 1329 3595 ipse
1361 3532 1498 3576 cum
1526 3514 1811 3593 Pompeio
1839 3512 2287 3591 colloqueretur,
2311 3518 2477 3591 postu·

2609 3979 2610 4008 ι

2465 4035 2611 4125 [al
