2750 4255
578 303 666 370 20
1217 309 1315 366 DE
1355 309 1587 367 BELLO
1633 308 1852 367 clvm

580 478 756 538 ritate
784 475 1153 556 praesidium
1182 491 1256 536 ex
1285 475 1441 537 saltu
1464 475 1685 538 deiecit
1712 477 2061 557 magnisque
2085 477 2421 541 itineribus
2447 480 2546 541 ad

584 564 913 623 exercitum
943 560 1171 621 Afranii
1200 559 1530 622 contendit.

531 655 562 703 1
709 643 1028 707 XXXVIII.
1087 644 1356 706 Adventu
1384 643 1453 704 L.
1484 642 1732 707 Vibullii
1760 645 1912 716 Rufi,
1943 663 2124 726 quem
2153 665 2187 707 a
2215 638 2542 728 Pompeio

581 731 830 790 missum
858 730 926 789 in
952 728 1301 808 Hispaniam
1332 728 1804 790 demonstratum
1832 736 1953 800 est,
1984 730 2271 791 Afranius
2300 737 2365 792 et
2396 732 2536 792 Pe·

579 815 770 875 treius
799 819 864 873 et
889 811 1097 883 Varro,
1137 812 1322 890 legati
1353 812 1631 891 Pompei,
1673 830 1926 893 quorum
1969 831 2127 874 unus
2154 814 2538 893 Hispaniam

581 899 927 959 citeriorem
954 893 1157 958 &ribus
1184 893 1543 976 legionibus,
1576 893 1737 959 alter
1760 894 2121 959 ulteriorem
2149 916 2183 958 a
2212 898 2371 960 saltu
2398 899 2534 961 Ca-

580 981 915 1043 stulonensi
963 980 1037 1041 ad
1075 981 1265 1041 Anam
1307 978 1539 1041 duabus
1579 980 1951 1059 legionibus,
1995 984 2212 1043 tertius
2256 982 2333 1044 ab
2380 985 2534 1044 Ana

585 1066 906 1127 Vettonum
947 1081 1158 1142 agrum
1198 1063 1684 1145 Lusitaniamque
1732 1068 1867 1145 pari
1908 1083 2161 1127 numero
2203 1066 2533 1145 legionum

524 1159 560 1211 2
582 1148 918 1219 obtinebat,
950 1149 1148 1210 officia
1178 1151 1338 1210 inter
1367 1167 1432 1209 se
1461 1151 1820 1228 partiuntur,
1861 1152 1954 1210 uti
1982 1149 2254 1211 Petreius
2284 1169 2359 1211 ex
2388 1151 2526 1211 Lu-

582 1236 796 1296 sitania
840 1251 951 1312 per
990 1235 1272 1294 Vettones
1312 1251 1451 1294 cum
1497 1233 1776 1295 omnibus
1825 1235 2015 1312 copiis
2065 1234 2140 1294 ad
2192 1234 2526 1296 Afranium

581 1318 1022 1398 proficiscatur,
1076 1316 1262 1377 Varro
1303 1335 1441 1378 cum
1481 1320 1590 1389 iis,
1642 1335 1791 1397 quas
1829 1316 2119 1387 habebat,
2164 1317 2525 1395 legionibus

531 1412 564 1460 3
587 1421 824 1464 omnem
851 1402 1202 1462 ulteriorem
1230 1400 1580 1480 Hispaniam
1611 1409 1870 1463 tueatur.
1940 1401 2049 1462 His
2075 1400 2261 1463 rebus
2284 1405 2519 1463 consti-

579 1487 728 1549 tut‘is
755 1488 986 1567 equites
1014 1487 1354 1564 auxiliaque
1385 1486 1495 1550 toti
1523 1484 1865 1547 Lusitaniae
1898 1504 1933 1548 a
1953 1486 2214 1558 Petreio,
2245 1486 2515 1548 Celtibe-

581 1574 743 1642 riae,
791 1569 1102 1632 Cantabris
1146 1568 1540 1648 barbarisque
1582 1568 1890 1639 omnibus,
1933 1572 2037 1648 qui
2087 1570 2161 1631 ad
2202 1569 2516 1632 Oceanum

540 1656 903 1736 4pertinent,
936 1653 1011 1715 ab
1041 1654 1287 1715 Afranio
1317 1655 1708 1732 imperantur.
1779 1650 2009 1722 Quibus
2041 1656 2265 1714 coactis
2293 1655 2513 1716 celeri-

580 1748 677 1801 ter
704 1739 981 1800 Petreius
1007 1756 1118 1818 per
1140 1727 1424 1798 Vettones
1451 1736 1526 1797 ad
1555 1737 1866 1798 Afranium
1892 1738 2187 1815 pervenit,
2216 1740 2511 1799 constitu·

579 1831 806 1904 untquc
856 1823 1157 1884 communi
1208 1820 1488 1891 consilio,
1548 1819 1769 1901 bellum
1827 1819 1900 1879 ad
1950 1818 2208 1880 Ilerdam
2257 1829 2511 1900 propter

583 1911 777 1989 ipsius
804 1907 921 1969 loci
952 1910 1455 1986 opportunitatem
1484 1897 1719 1981 gerere.

531 2001 562 2049 1
709 1991 1051 2053 XXXVIIII.
1095 1990 1299 2059 Erant,
1324 1996 1393 2050 ut
1414 2006 1596 2067 supra
1618 1989 2086 2050 demonstratum
2109 1995 2218 2060 est,
2240 1987 2506 2067 legiones

581 2077 810 2140 Afranii
823 2089 925 2147 111
940 2074 1142 2136 Petrei
1173 2074 1342 2143 duae,
1374 2079 1690 2153 praeterea
1714 2079 1979 2135 scutatae
2040 2075 2343 2135 citerioris
2365 2092 2501 2153 pro-

581 2159 844 2241 vinciae]
889 2167 951 2222 et
990 2165 1251 2219 cetratae
1295 2154 1631 2237 [ulterioris
1675 2069 2038 2239 Hispaniae}
2073 2158 2350 2219 cohortes
2387 2160 2503 2219 cir·

583 2249 737 2307 citer
775 2256 972 2305 Lxxx
1021 2244 1407 2322 equitumque
1461 2238 1801 2339 [utriusque
1840 2239 2216 2322 provinciae]
2263 2244 2502 2303 circiter

529 2337 564 2386 2
583 2345 632 2392 v
660 2330 846 2391 milia.
904 2326 1123 2388 Caesar
1161 2326 1431 2403 legiones
1468 2328 1533 2386 in
1562 2326 1910 2406 Hispaniam
1948 2328 2342 2406 praemiserat
2374 2323 2495 2407 [ad]

581 2428 659 2475 vl
688 2408 935 2493 [milia]
1022 2410 1255 2471 Auxilia
1294 2410 1564 2489 peditum
1589 2427 1642 2471 ν
1676 2410 1871 2481 milia,
1916 2414 2187 2491 equitum
2214 2424 2299 2471 111
2340 2410 2502 2471 milia

584 2493 865 2559 omnibus
894 2493 1305 2573 superioribus
1346 2494 1522 2556 bellis
1560 2494 1854 2556 habuerat
1882 2503 1941 2556 et
1970 2513 2179 2575 parem
2213 2513 2287 2557 ex
2318 2494 2500 2556 Gallia

583 2595 931 2648 numerum,
972 2596 1147 2657 quam
1189 2581 1317 2658 ipse
1356 2587 1703 2658 pacaverat,
1745 2582 2099 2641 nominatim
2128 2598 2199 2639 ex
2231 2577 2499 2639 omnibus

584 2661 928 2725 civitatibus
956 2660 1329 2723 nobilissimo
1358 2681 1596 2744 quoque
1626 2672 1901 2734 evocato:
1936 2664 2054 2724 huc
2084 2663 2295 2741 optimi
2325 2678 2495 2738 gene-

588 2751 675 2810 ris
702 2747 1011 2808 hominum
1043 2764 1116 2808 ex
1145 2746 1458 2827 Aquitanis
1485 2751 1921 2827 montanisque,
1955 2748 2060 2824 qui
2090 2745 2339 2807 Galliam
2366 2763 2493 2824 pro·

532 2839 564 2887 8
587 2832 844 2893 vinciam
886 2831 1227 2909 adtingunt,
1270 2828 1712 2895 adiecerat...
1799 2830 2116 2899 Audierat,
2158 2828 2494 2909 Pompeium

582 2934 694 2997 per
722 2915 1138 2976 Mauritaniam
1163 2933 1298 2976 cum
1328 2915 1670 2994 legionibus
1699 2918 1816 2975 iter
1838 2916 1903 2974 in
1926 2913 2276 2993 Hispaniam
2307 2915 2489 2975 facere

584 3001 1019 3079 confestimque
1061 3018 1190 3061 esse
1232 3007 1569 3062 venturum.
1642 2997 1831 3059 Simul
1872 3017 1906 3058 a
1946 2997 2209 3059 tribunis
2247 2999 2489 3059 militum

587 3083 1158 3165 centurionibusque
1186 3091 1425 3145 mutuas
1452 3084 1738 3164 pecunias
1766 3084 2049 3162 sumpsit:
2080 3082 2188 3143 has
2218 3082 2490 3142 exercitui

533 3176 568 3223 4
589 3167 917 3230 distribuit.
990 3166 1118 3238 Quo
1158 3169 1315 3229 facto
1358 3168 1505 3229 duas
1527 3184 1627 3227 res
1655 3174 2011 3228 consecutus
2050 3175 2170 3237 est,
2214 3165 2368 3245 quod
2404 3167 2487 3244 pi-

586 3270 772 3332 gnore
803 3254 1033 3314 animos
1061 3256 1481 3314 centurionum
1511 3250 1777 3311 devinxit
1806 3258 1869 3312 et
1898 3252 2218 3329 largitione
2246 3249 2486 3311 militum

585 3337 922 3398 voluntates
949 3338 1222 3399 redemit.

535 3428 564 3477 1
713 3418 944 3482 XXXX.
1005 3421 1229 3482 Fabius
1257 3421 1648 3482 finitimarum
1678 3422 1985 3482 civitatum
2017 3421 2248 3483 animos
2286 3419 2483 3481 litteris

581 3506 928 3586 nuntiisque
958 3505 1304 3585 temptabat.
1374 3503 1444 3565 In
1475 3504 1680 3567 Sicore
1710 3506 1956 3566 flumine
1986 3512 2198 3583 pontes
2227 3504 2482 3565 effecerat

584 3589 734 3651 duos
764 3590 1052 3652 distantes
1082 3592 1242 3651 inter
1271 3607 1336 3650 se
1366 3589 1534 3651 milia
1563 3608 1844 3671 passuum
1872 3597 2169 3670 quattuor.
2221 3589 2329 3652 His
2354 3607 2479 3669 pon·

2439 3977 2683 4205 ,ιι
