2750 4255
589 232 678 299 50
1229 238 1327 297 DE
1369 238 1601 296 BELLO
1646 237 1866 296 cwm

595 411 817 475 serant,
848 407 933 466 ita
960 405 1220 485 proximi
1252 404 1373 466 diei
1405 420 1547 466 casu
1576 404 1864 466 admoniti
1894 404 2089 467 omnia
2120 405 2195 467 ad
2224 404 2591 467 defensio-

593 506 732 550 nem
761 495 1131 568 paraverant.
1177 488 1381 568 Itaque
1410 488 1610 550 multis
1638 489 1974 550 intersectis
2001 489 2269 568 reliquos
2299 490 2588 550 infecta

595 590 662 635 re
692 575 755 634 in
786 573 1071 654 oppidum
1100 573 1474 652 repulerunt.

541 707 566 765 A

723 698 847 761 XV.
906 697 1245 760 Trebonius
1276 717 1374 768 ea,
1421 716 1571 778 quae
1602 705 1741 759 sunt
1780 699 2021 768 amissa,
2075 699 2262 760 multo
2296 701 2576 759 maiore

593 782 848 844 militum
875 783 1072 843 studio
1101 782 1521 845 administrare
1551 790 1611 842 et
1628 783 1876 843 reficere
1907 785 2186 845 instituit.
2231 783 2405 844 Nam
2437 782 2572 842 ubi

593 873 791 928 tantos
829 884 969 927 suos
997 864 1232 927 labores
1263 872 1326 927 et
1353 872 1673 945 apparatus
1712 866 1864 927 male
1906 867 2196 928 cecidisse
2236 867 2571 927 viderunt
2695 932 2696 947 χ

593 951 960 1030 indutiisque
1002 968 1113 1030 per
1141 949 1334 1011 scelus
1360 950 1596 1011 violatis
1624 968 1791 1011 suam
1819 952 2103 1012 virtutem
2125 952 2367 1023 ‚irrisui
2402 951 2566 1011 fore
2695 958 2699 1003 Ι

594 1032 1052 1114 perdoluerunt,
1084 1034 1273 1114 quod,
1317 1034 1477 1095 unde
1509 1051 1689 1112 agger
1719 1037 1959 1095 omnino
1990 1036 2357 1114 comportari
2390 1053 2561 1114 pos-

462 1166 495 1191 )-
540 1127 573 1176 2
599 1125 709 1187 set,
741 1117 894 1178 nihil
924 1125 1056 1178 erat
1076 1119 1395 1197 reliquum,
1427 1118 1705 1179 omnibus
1734 1119 2049 1180 arboribus
2077 1119 2251 1198 longe
2280 1119 2556 1198 lateque

594 1203 656 1263 in
707 1199 927 1263 finibus
965 1200 1426 1264 Massiliensium
1480 1203 1697 1264 excisis
1742 1210 1805 1264 et
1844 1206 2175 1274 convectiS,
2237 1219 2553 1282 aggerem

593 1288 732 1347 novi
772 1289 1013 1364 generis
1053 1294 1230 1367 atque
1260 1288 1592 1348 inauditum
1636 1306 1708 1347 ex
1739 1287 2028 1348 latericiis
2067 1287 2301 1348 duobus
2330 1288 2551 1347 muris

593 1388 804 1432 senum
840 1371 1058 1450 pedum
1089 1371 1485 1432 crassitudine
1526 1378 1700 1450 atque
1742 1389 1949 1432 eorum
1990 1389 2296 1433 murorum
2327 1373 2543 1431 conti·

593 1457 872 1543 gnatione
911 1457 1109 1515 facere
1149 1456 1569 1524 instituerunt,
1613 1473 1799 1534 aequa
1827 1456 1955 1516 fere
1988 1456 2297 1518 altitudine
2340 1462 2534 1534 atque

538 1547 574 1597 3
598 1539 702 1600 ille
741 1530 1137 1616 congesticius
1179 1556 1253 1599 ex
1293 1538 1545 1598 materia
1584 1538 1782 1598 fuerat
1821 1555 2020 1615 agger.
2090 1539 2208 1600 Ubi
2249 1545 2356 1600 aut
2386 1556 2530 1617 spa-

592 1624 742 1682 tium
784 1623 945 1681 inter
992 1639 1195 1681 muros
1236 1629 1338 1681 aut
1379 1619 1738 1680 inbecillitas
1781 1623 2066 1681 materiae
2095 1623 2402 1700 postulare
2432 1624 2527 1682 vi-

594 1704 856 1774 deretur,
888 1704 1044 1781 pilae
1074 1706 1557 1783 interponuntur,
1587 1704 1945 1763 traversaria
1974 1705 2136 1781 tigna
2167 1706 2521 1775 iniciuntur,

593 1806 745 1869 quae
787 1790 1159 1849 firmamento
1190 1805 1320 1848 esse
1350 1788 1611 1866 possint,
1661 1794 1721 1846 et
1749 1787 2040 1867 quidquid
2084 1794 2176 1848 est
2203 1793 2523 1868 contigna-

540 1879 576 1930 4
597 1880 755 1944 tum,
798 1870 1062 1933 cratibus
1091 1873 1526 1941 consternitur,
1570 1877 1763 1931 crates
1791 1871 1914 1932 luto
1943 1873 2315 1950 integuntur.
2389 1873 2518 1934 Sub

594 1965 754 2019 tecto
784 1957 956 2018 miles
978 1957 1184 2017 dextra
1215 1973 1284 2016 ac
1308 1955 1550 2015 sinistra
1572 1973 1743 2015 muro
1766 1962 1979 2024 tectus,
2014 1957 2297 2018 adversus
2325 1956 2514 2036 plutei

594 2041 864 2112 obiectu,
898 2043 1067 2120 operi
1097 2057 1506 2120 quaecumque
1537 2047 1679 2100 sunt
1705 2041 1871 2110 usui,
1913 2042 2042 2101 sine
2072 2040 2510 2120 periculo-sub-

538 2133 572 2184 5
593 2134 811 2208 portat.
871 2123 1162 2187 Celeriter
1191 2143 1292 2185 res
1331 2122 1812 2196 administratum
1856 2124 2123 2187 diuturni
2153 2125 2389 2187 laboris.
2405 2125 2505 2186 de-

592 2214 942 2272 trimentum
971 2209 1233 2270 sollertia
1256 2215 1316 2269 et
1335 2210 1557 2269 virtute
1587 2209 1840 2269 militum
1869 2208 2039 2271 brevi
2067 2211 2500 2271 reconciliatur.

593 2294 838 2363 Portae,
881 2292 1099 2371 quibus
1139 2293 1286 2354 locis
1325 2292 1593 2361 videtur,
1642 2295 1989 2373 eruptionis
2015 2311 2192 2355 causa
2231 2295 2294 2354 in
2338 2310 2499 2354 muro

592 2378 1035 2477 relinquuntur.

516 2512 543 2561 ι
722 2501 875 2563 XVI.
935 2502 1102 2573 Quod
1132 2503 1240 2566 ubi
1268 2503 1472 2564 hostes
1500 2503 1806 2575 viderunt,
1850 2521 1950 2573 ea,
1993 2522 2144 2583 quae
2175 2502 2279 2563 diu
2306 2504 2497 2581 longo„

592 2604 709 2668 que
742 2588 933 2666 spatio
962 2588 1130 2648 refici
1151 2604 1278 2649 non
1307 2606 1481 2667 posse
1512 2586 1879 2669 sperassent,
1920 2605 2247 2667 paucorum
2277 2587 2497 2649 dierum
2534 2616 2541 2621 ·

594 2689 777 2751 opera
807 2677 870 2731 et
896 2669 1101 2732 labore
1135 2674 1218 2733 ita
1241 2674 1488 2742 refecta,
1519 2680 1588 2733 ut
1616 2671 1811 2733 nullus
1832 2672 2120 2751 perfidiae
2150 2690 2340 2750 neque
2366 2689 2493 2732 eru-

593 2756 787 2835 ptioni
835 2754 1000 2817 locus
1039 2763 1197 2817 esset
1247 2774 1358 2816 nec
1399 2758 1715 2836 quicquam
1767 2757 2009 2817 omnino
2047 2754 2491 2835 relinqueretur,

539 2848 573 2897 2
597 2858 710 2919 qua
754 2847 855 2901 aut
881 2841 940 2901 vi
971 2840 1262 2902 militibus
1303 2848 1404 2901 aut
1432 2842 1559 2917 igni
1589 2840 1874 2919 operibus
1902 2842 2108 2900 noceri
2137 2846 2360 2918 posset,
2399 2857 2489 2900 eo·

594 2925 846 3005 demque
876 2924 1144 3004 exemplo
1175 2927 1446 2986 sentiunt
1472 2930 1659 2985 totam
1688 2922 1929 2993 urbem,
1961 2941 2077 3004 qua
2107 2926 2187 2984 sit
2213 2923 2395 2985 aditus
2420 2922 2489 2984 ab

592 3015 773 3079 terra,
803 3027 974 3070 muro
1003 3009 1389 3089 turribusque
1421 3008 1730 3069 circumiri
1757 3025 1952 3088 posse,
1983 3009 2070 3068 sic
2098 3013 2167 3068 ut
2193 3009 2335 3086 ipsis
2360 3026 2487 3068 con·

595 3092 844 3155 sistendi
874 3094 937 3154 in
969 3096 1094 3154 suis
1123 3090 1561 3155 munitionibus
1588 3091 1752 3152 locus
1783 3109 1899 3152 non
1929 3098 2116 3161 esset,
2158 3109 2291 3151 cum
2318 3110 2485 3172 paene

592 3178 966 3239 inaedificata
1017 3179 1080 3238 in
1133 3179 1326 3239 muris
1374 3175 1449 3238 ab
1504 3177 1772 3237 exercitu
1822 3182 2025 3236 nostro
2063 3176 2297 3236 moenia
2340 3176 2481 3242 vide-

540 3270 573 3319 3
595 3267 805 3323 rentur
849 3279 917 3321 ac
959 3261 1142 3322 telum
1182 3279 1361 3322 manu
1402 3262 1808 3330 coniceretur,
1851 3278 2210 3339 suorumque
2250 3266 2480 3321 tormen·

592 3352 790 3408 torum
839 3365 1042 3416 usum,
1124 3344 1345 3425 quibus
1396 3345 1514 3423 ipsi
1559 3361 1773 3422 magna
1825 3345 2249 3423 speravissent,
2316 3346 2480 3424 spatio

594 3432 1057 3516 propinquitatis
1095 3429 1381 3497 interire,
1437 3430 1684 3508 parique
1726 3428 2079 3490 condicione
2120 3446 2192 3488 ex
2232 3445 2386 3489 muro
2420 3446 2478 3489 ac

595 3514 863 3576 turribus
914 3504 1171 3573 bellandi
1214 3511 1350 3573 data
1401 3530 1466 3573 se
1506 3515 1725 3573 virtute
1766 3514 1988 3573 nostris
2026 3512 2344 3592 adaequare
2377 3530 2477 3574 non
