<?xml version="1.0" encoding="UTF-8"?>
<!DOCTYPE html PUBLIC "-//W3C//DTD XHTML 1.0 Transitional//EN"
    "http://www.w3.org/TR/xhtml1/DTD/xhtml1-transitional.dtd">
<html xmlns="http://www.w3.org/1999/xhtml" xml:lang="en" lang="en">
 <head>
  <title>
</title>
<meta http-equiv="Content-Type" content="text/html;charset=utf-8" />
  <meta name='ocr-system' content='tesseract 3.04.00' />
  <meta name='ocr-capabilities' content='ocr_page ocr_carea ocr_par ocr_line ocrx_word'/>
</head>
<body>
  <div class='ocr_page' id='page_1' title='image "./commentariidebe01caesgoog_0019.png"; bbox 0 0 2750 4255; ppageno 0'>
   <div class='ocr_carea' id='block_1_1' title="bbox 741 268 2219 336">
    <p class='ocr_par' dir='ltr' id='par_1_1' title="bbox 741 268 2219 336">
     <span class='ocr_line' id='line_1_1' title="bbox 741 268 2219 336; baseline 0 -1"><span class='ocrx_word' id='word_1_1' title='bbox 741 277 966 335; x_wconf 77' lang='lat' dir='ltr'><strong>COMM.</strong></span> <span class='ocrx_word' id='word_1_2' title='bbox 994 278 1039 334; x_wconf 90' lang='lat' dir='ltr'>L</span> <span class='ocrx_word' id='word_1_3' title='bbox 1082 277 1237 334; x_wconf 82' lang='lat' dir='ltr'><strong>CAP.</strong></span> <span class='ocrx_word' id='word_1_4' title='bbox 1264 276 1757 332; x_wconf 85' lang='lat' dir='ltr'><strong>XXV—XXVIII.</strong></span> <span class='ocrx_word' id='word_1_5' title='bbox 2136 268 2219 336; x_wconf 80' lang='grc'><strong>15</strong></span> 
     </span>
    </p>
   </div>
   <div class='ocr_carea' id='block_1_2' title="bbox 288 444 2268 3630">
    <p class='ocr_par' dir='ltr' id='par_1_2' title="bbox 290 444 2266 1198">
     <span class='ocr_line' id='line_1_2' title="bbox 292 444 2266 525; baseline -0.004 -15"><span class='ocrx_word' id='word_1_6' title='bbox 292 447 406 518; x_wconf 87' lang='lat' dir='ltr'><strong>lat;</strong></span> <span class='ocrx_word' id='word_1_7' title='bbox 435 462 796 525; x_wconf 82' lang='lat' dir='ltr'><strong>magnopere</strong></span> <span class='ocrx_word' id='word_1_8' title='bbox 826 462 959 504; x_wconf 90' lang='lat' dir='ltr'><strong>sese</strong></span> <span class='ocrx_word' id='word_1_9' title='bbox 991 444 1289 504; x_wconf 83' lang='lat' dir='ltr'><strong>confidere</strong></span> <span class='ocrx_word' id='word_1_10' title='bbox 1320 444 1713 513; x_wconf 87' lang='lat' dir='ltr'><strong>demonstrat,</strong></span> <span class='ocrx_word' id='word_1_11' title='bbox 1755 445 1811 504; x_wconf 86' lang='lat' dir='ltr'><strong>si</strong></span> <span class='ocrx_word' id='word_1_12' title='bbox 1850 445 1982 503; x_wconf 90' lang='lat' dir='ltr'><strong>eius</strong></span> <span class='ocrx_word' id='word_1_13' title='bbox 2009 445 2103 515; x_wconf 80' lang='lat' dir='ltr'><strong>rei</strong></span> <span class='ocrx_word' id='word_1_14' title='bbox 2132 444 2211 503; x_wconf 90' lang='lat' dir='ltr'><strong>sit</strong></span> <span class='ocrx_word' id='word_1_15' title='bbox 2231 453 2266 500; x_wconf 82' lang='grc'>4</span> 
     </span>
     <span class='ocr_line' id='line_1_3' title="bbox 292 525 2214 612; baseline -0.004 -19"><span class='ocrx_word' id='word_1_16' title='bbox 292 539 555 612; x_wconf 86' lang='lat' dir='ltr'><strong>potestas</strong></span> <span class='ocrx_word' id='word_1_17' title='bbox 581 531 755 598; x_wconf 82' lang='lat' dir='ltr'><strong>facta,</strong></span> <span class='ocrx_word' id='word_1_18' title='bbox 785 529 939 597; x_wconf 82' lang='lat' dir='ltr'><strong>fore,</strong></span> <span class='ocrx_word' id='word_1_19' title='bbox 968 535 1039 588; x_wconf 92' lang='lat' dir='ltr'><strong>ut</strong></span> <span class='ocrx_word' id='word_1_20' title='bbox 1066 531 1273 607; x_wconf 82' lang='lat' dir='ltr'>aequis</span> <span class='ocrx_word' id='word_1_21' title='bbox 1302 527 1757 588; x_wconf 83' lang='lat' dir='ltr'><strong>condicionibus</strong></span> <span class='ocrx_word' id='word_1_22' title='bbox 1780 525 1855 587; x_wconf 93' lang='lat' dir='ltr'><strong>ab</strong></span> <span class='ocrx_word' id='word_1_23' title='bbox 1879 531 2063 587; x_wconf 87' lang='lat' dir='ltr'><strong>armis</strong></span> <span class='ocrx_word' id='word_1_24' title='bbox 2092 527 2214 587; x_wconf 91' lang='lat' dir='ltr'><strong>dis·</strong></span> 
     </span>
     <span class='ocr_line' id='line_1_4' title="bbox 293 612 2213 691; baseline -0.003 -14"><span class='ocrx_word' id='word_1_25' title='bbox 293 617 574 685; x_wconf 88' lang='lat' dir='ltr'><strong>cedatur;</strong></span> <span class='ocrx_word' id='word_1_26' title='bbox 606 616 778 674; x_wconf 88' lang='lat' dir='ltr'><strong>cuius</strong></span> <span class='ocrx_word' id='word_1_27' title='bbox 805 614 895 672; x_wconf 89' lang='lat' dir='ltr'><strong>rei</strong></span> <span class='ocrx_word' id='word_1_28' title='bbox 925 629 1200 690; x_wconf 82' lang='lat' dir='ltr'><strong>magnam</strong></span> <span class='ocrx_word' id='word_1_29' title='bbox 1228 618 1462 691; x_wconf 87' lang='lat' dir='ltr'><strong>partem</strong></span> <span class='ocrx_word' id='word_1_30' title='bbox 1491 612 1685 672; x_wconf 90' lang='lat' dir='ltr'><strong>laudis</strong></span> <span class='ocrx_word' id='word_1_31' title='bbox 1714 618 1890 690; x_wconf 88' lang='lat' dir='ltr'><strong>atque</strong></span> <span class='ocrx_word' id='word_1_32' title='bbox 1910 613 2213 671; x_wconf 87' lang='lat' dir='ltr'><strong>existima·</strong></span> 
     </span>
     <span class='ocr_line' id='line_1_5' title="bbox 295 695 2213 775; baseline -0.003 -15"><span class='ocrx_word' id='word_1_33' title='bbox 295 701 479 760; x_wconf 88' lang='lat' dir='ltr'><strong>tionis</strong></span> <span class='ocrx_word' id='word_1_34' title='bbox 531 699 603 760; x_wconf 89' lang='lat' dir='ltr'><strong>ad</strong></span> <span class='ocrx_word' id='word_1_35' title='bbox 642 697 933 758; x_wconf 83' lang='lat' dir='ltr'><strong>Libonem</strong></span> <span class='ocrx_word' id='word_1_36' title='bbox 983 703 1401 775; x_wconf 87' lang='lat' dir='ltr'><strong>perventuram</strong></span> <span class='ocrx_word' id='word_1_37' title='bbox 1416 742 1433 765; x_wconf 91' lang='lat'><strong>,</strong></span> <span class='ocrx_word' id='word_1_38' title='bbox 1486 699 1538 756; x_wconf 87' lang='lat' dir='ltr'><strong>si</strong></span> <span class='ocrx_word' id='word_1_39' title='bbox 1590 695 1693 755; x_wconf 90' lang='lat' dir='ltr'><strong>illo</strong></span> <span class='ocrx_word' id='word_1_40' title='bbox 1742 702 1984 756; x_wconf 89' lang='lat' dir='ltr'><strong>auctore</strong></span> <span class='ocrx_word' id='word_1_41' title='bbox 2034 702 2213 774; x_wconf 89' lang='lat' dir='ltr'><strong>atque</strong></span> 
     </span>
     <span class='ocr_line' id='line_1_6' title="bbox 295 778 2266 860; baseline -0.003 -17"><span class='ocrx_word' id='word_1_42' title='bbox 295 790 509 860; x_wconf 81' lang='lat' dir='ltr'><strong>agente</strong></span> <span class='ocrx_word' id='word_1_43' title='bbox 540 781 616 842; x_wconf 89' lang='lat' dir='ltr'><strong>ab</strong></span> <span class='ocrx_word' id='word_1_44' title='bbox 647 784 831 841; x_wconf 86' lang='lat' dir='ltr'><strong>armis</strong></span> <span class='ocrx_word' id='word_1_45' title='bbox 859 783 940 840; x_wconf 90' lang='lat' dir='ltr'><strong>sit</strong></span> <span class='ocrx_word' id='word_1_46' title='bbox 971 781 1323 840; x_wconf 82' lang='lat' dir='ltr'><strong>discessum.</strong></span> <span class='ocrx_word' id='word_1_47' title='bbox 1383 779 1536 839; x_wconf 94' lang='lat' dir='ltr'><strong>Libo</strong></span> <span class='ocrx_word' id='word_1_48' title='bbox 1580 798 1611 839; x_wconf 96' lang='lat' dir='ltr'><strong>a</strong></span> <span class='ocrx_word' id='word_1_49' title='bbox 1657 779 1971 858; x_wconf 88' lang='lat' dir='ltr'><strong>conloquio</strong></span> <span class='ocrx_word' id='word_1_50' title='bbox 2000 778 2212 840; x_wconf 78' lang='lat' dir='ltr'><strong>Canini</strong></span> <span class='ocrx_word' id='word_1_51' title='bbox 2232 787 2266 836; x_wconf 80' lang='lat'><strong>5</strong></span> 
     </span>
     <span class='ocr_line' id='line_1_7' title="bbox 292 863 2212 944; baseline -0.002 -17"><span class='ocrx_word' id='word_1_52' title='bbox 292 869 601 944; x_wconf 85' lang='lat' dir='ltr'><strong>digressus</strong></span> <span class='ocrx_word' id='word_1_53' title='bbox 632 866 704 926; x_wconf 87' lang='lat' dir='ltr'><strong>ad</strong></span> <span class='ocrx_word' id='word_1_54' title='bbox 732 865 1083 942; x_wconf 91' lang='lat' dir='ltr'><strong>Pompeium</strong></span> <span class='ocrx_word' id='word_1_55' title='bbox 1115 865 1537 943; x_wconf 86' lang='lat' dir='ltr'><strong>proficiscitur.</strong></span> <span class='ocrx_word' id='word_1_56' title='bbox 1606 863 1793 923; x_wconf 92' lang='lat' dir='ltr'><strong>Paulo</strong></span> <span class='ocrx_word' id='word_1_57' title='bbox 1828 871 1963 942; x_wconf 91' lang='lat' dir='ltr'><strong>post</strong></span> <span class='ocrx_word' id='word_1_58' title='bbox 1989 880 2212 923; x_wconf 90' lang='lat' dir='ltr'><strong>renun-</strong></span> 
     </span>
     <span class='ocr_line' id='line_1_8' title="bbox 290 947 2212 1029; baseline -0.003 -17"><span class='ocrx_word' id='word_1_59' title='bbox 290 955 433 1020; x_wconf 90' lang='lat' dir='ltr'><strong>tiat,</strong></span> <span class='ocrx_word' id='word_1_60' title='bbox 485 949 645 1029; x_wconf 91' lang='lat' dir='ltr'><strong>quod</strong></span> <span class='ocrx_word' id='word_1_61' title='bbox 687 949 962 1009; x_wconf 89' lang='lat' dir='ltr'><strong>consules</strong></span> <span class='ocrx_word' id='word_1_62' title='bbox 1002 947 1230 1018; x_wconf 89' lang='lat' dir='ltr'><strong>absint,</strong></span> <span class='ocrx_word' id='word_1_63' title='bbox 1282 950 1413 1008; x_wconf 90' lang='lat' dir='ltr'><strong>sine</strong></span> <span class='ocrx_word' id='word_1_64' title='bbox 1465 947 1588 1007; x_wconf 90' lang='lat' dir='ltr'><strong>illis</strong></span> <span class='ocrx_word' id='word_1_65' title='bbox 1625 965 1744 1007; x_wconf 90' lang='lat' dir='ltr'><strong>non</strong></span> <span class='ocrx_word' id='word_1_66' title='bbox 1784 965 1961 1026; x_wconf 92' lang='lat' dir='ltr'><strong>posse</strong></span> <span class='ocrx_word' id='word_1_67' title='bbox 2002 949 2093 1024; x_wconf 86' lang='lat' dir='ltr'><strong>agi</strong></span> <span class='ocrx_word' id='word_1_68' title='bbox 2138 947 2212 1007; x_wconf 92' lang='lat' dir='ltr'><strong>de</strong></span> 
     </span>
     <span class='ocr_line' id='line_1_9' title="bbox 293 1031 2265 1113; baseline -0.004 -18"><span class='ocrx_word' id='word_1_69' title='bbox 293 1036 746 1113; x_wconf 82' lang='lat' dir='ltr'><strong>compositione.</strong></span> <span class='ocrx_word' id='word_1_70' title='bbox 816 1032 903 1092; x_wconf 92' lang='lat' dir='ltr'><strong>Ita</strong></span> <span class='ocrx_word' id='word_1_71' title='bbox 934 1034 1175 1112; x_wconf 87' lang='lat' dir='ltr'><strong>saepius</strong></span> <span class='ocrx_word' id='word_1_72' title='bbox 1204 1051 1336 1092; x_wconf 91' lang='lat' dir='ltr'><strong>rem</strong></span> <span class='ocrx_word' id='word_1_73' title='bbox 1363 1032 1587 1092; x_wconf 81' lang='lat' dir='ltr'><strong>frustra</strong></span> <span class='ocrx_word' id='word_1_74' title='bbox 1620 1037 1966 1109; x_wconf 80' lang='lat' dir='ltr'><strong>temptatam</strong></span> <span class='ocrx_word' id='word_1_75' title='bbox 1995 1031 2212 1092; x_wconf 89' lang='lat' dir='ltr'><strong>Caesar</strong></span> <span class='ocrx_word' id='word_1_76' title='bbox 2232 1040 2265 1087; x_wconf 82' lang='lat'><strong>6</strong></span> 
     </span>
     <span class='ocr_line' id='line_1_10' title="bbox 294 1113 2211 1198; baseline -0.002 -19"><span class='ocrx_word' id='word_1_77' title='bbox 294 1118 610 1198; x_wconf 73' lang='lat' dir='ltr'><strong>aliquando</strong></span> <span class='ocrx_word' id='word_1_78' title='bbox 639 1114 1052 1177; x_wconf 83' lang='lat' dir='ltr'><strong>dimittendam</strong></span> <span class='ocrx_word' id='word_1_79' title='bbox 1081 1116 1199 1176; x_wconf 91' lang='lat' dir='ltr'><strong>sibi</strong></span> <span class='ocrx_word' id='word_1_80' title='bbox 1227 1116 1455 1176; x_wconf 90' lang='lat' dir='ltr'><strong>iudicat</strong></span> <span class='ocrx_word' id='word_1_81' title='bbox 1483 1123 1545 1176; x_wconf 93' lang='lat' dir='ltr'><strong>et</strong></span> <span class='ocrx_word' id='word_1_82' title='bbox 1585 1114 1658 1175; x_wconf 93' lang='lat' dir='ltr'><strong>de</strong></span> <span class='ocrx_word' id='word_1_83' title='bbox 1700 1113 1857 1175; x_wconf 90' lang='lat' dir='ltr'><strong>bello</strong></span> <span class='ocrx_word' id='word_1_84' title='bbox 1898 1115 2211 1193; x_wconf 82' lang='lat' dir='ltr'><strong>agendum.</strong></span> 
     </span>
    </p>

    <p class='ocr_par' dir='ltr' id='par_1_3' title="bbox 288 1198 2268 2792">
     <span class='ocr_line' id='line_1_11' title="bbox 418 1198 2262 1280; baseline -0.004 -17"><span class='ocrx_word' id='word_1_85' title='bbox 418 1201 656 1263; x_wconf 85' lang='lat' dir='ltr'>XXVII.</span> <span class='ocrx_word' id='word_1_86' title='bbox 715 1200 908 1280; x_wconf 87' lang='lat' dir='ltr'><strong>Prope</strong></span> <span class='ocrx_word' id='word_1_87' title='bbox 939 1200 1184 1261; x_wconf 90' lang='lat' dir='ltr'><strong>dimidia</strong></span> <span class='ocrx_word' id='word_1_88' title='bbox 1227 1206 1395 1278; x_wconf 90' lang='lat' dir='ltr'><strong>parte</strong></span> <span class='ocrx_word' id='word_1_89' title='bbox 1426 1202 1629 1278; x_wconf 87' lang='lat' dir='ltr'><strong>operis</strong></span> <span class='ocrx_word' id='word_1_90' title='bbox 1656 1217 1690 1258; x_wconf 90' lang='lat' dir='ltr'><strong>a</strong></span> <span class='ocrx_word' id='word_1_91' title='bbox 1721 1198 1970 1260; x_wconf 87' lang='lat' dir='ltr'><strong>Caesare</strong></span> <span class='ocrx_word' id='word_1_92' title='bbox 2001 1199 2210 1260; x_wconf 82' lang='lat' dir='ltr'><strong>effecta</strong></span> <span class='ocrx_word' id='word_1_93' title='bbox 2233 1208 2262 1256; x_wconf 84' lang='lat'>1</span> 
     </span>
     <span class='ocr_line' id='line_1_12' title="bbox 295 1282 2215 1366; baseline -0.003 -19"><span class='ocrx_word' id='word_1_94' title='bbox 295 1287 629 1366; x_wconf 87' lang='lat' dir='ltr'><strong>diebusque</strong></span> <span class='ocrx_word' id='word_1_95' title='bbox 672 1288 736 1345; x_wconf 91' lang='lat' dir='ltr'><strong>in</strong></span> <span class='ocrx_word' id='word_1_96' title='bbox 767 1304 835 1346; x_wconf 91' lang='lat' dir='ltr'><strong>ea</strong></span> <span class='ocrx_word' id='word_1_97' title='bbox 872 1303 940 1344; x_wconf 87' lang='lat' dir='ltr'><strong>re</strong></span> <span class='ocrx_word' id='word_1_98' title='bbox 982 1287 1351 1363; x_wconf 89' lang='lat' dir='ltr'><strong>consumptis</strong></span> <span class='ocrx_word' id='word_1_99' title='bbox 1378 1295 1557 1353; x_wconf 84' lang='lat' dir='ltr'><strong>vnn,</strong></span> <span class='ocrx_word' id='word_1_100' title='bbox 1599 1301 1780 1343; x_wconf 89' lang='lat' dir='ltr'><strong>naves</strong></span> <span class='ocrx_word' id='word_1_101' title='bbox 1807 1302 1839 1344; x_wconf 90' lang='lat' dir='ltr'><strong>a</strong></span> <span class='ocrx_word' id='word_1_102' title='bbox 1869 1282 2215 1344; x_wconf 89' lang='lat' dir='ltr'><strong>consulibus</strong></span> 
     </span>
     <span class='ocr_line' id='line_1_13' title="bbox 290 1369 2214 1452; baseline -0.003 -20"><span class='ocrx_word' id='word_1_103' title='bbox 290 1371 666 1452; x_wconf 80' lang='lat' dir='ltr'><strong>Dyrrhachio</strong></span> <span class='ocrx_word' id='word_1_104' title='bbox 694 1373 981 1430; x_wconf 84' lang='lat' dir='ltr'><strong>remissae</strong></span> <span class='ocrx_word' id='word_1_105' title='bbox 995 1415 1013 1439; x_wconf 88' lang='lat'><strong>,</strong></span> <span class='ocrx_word' id='word_1_106' title='bbox 1057 1386 1210 1447; x_wconf 87' lang='lat' dir='ltr'><strong>quae</strong></span> <span class='ocrx_word' id='word_1_107' title='bbox 1248 1370 1514 1447; x_wconf 86' lang='lat' dir='ltr'><strong>priorem</strong></span> <span class='ocrx_word' id='word_1_108' title='bbox 1556 1376 1787 1446; x_wconf 87' lang='lat' dir='ltr'><strong>partem</strong></span> <span class='ocrx_word' id='word_1_109' title='bbox 1817 1369 2115 1429; x_wconf 85' lang='lat' dir='ltr'><strong>exercitus</strong></span> <span class='ocrx_word' id='word_1_110' title='bbox 2142 1385 2214 1427; x_wconf 96' lang='lat' dir='ltr'><strong>eo</strong></span> 
     </span>
     <span class='ocr_line' id='line_1_14' title="bbox 293 1450 2265 1535; baseline -0.004 -19"><span class='ocrx_word' id='word_1_111' title='bbox 293 1457 782 1535; x_wconf 81' lang='lat' dir='ltr'><strong>deportaverant,</strong></span> <span class='ocrx_word' id='word_1_112' title='bbox 833 1453 1218 1514; x_wconf 90' lang='lat' dir='ltr'><strong>Brundisium</strong></span> <span class='ocrx_word' id='word_1_113' title='bbox 1257 1458 1662 1512; x_wconf 85' lang='lat' dir='ltr'><strong>revertuntur.</strong></span> <span class='ocrx_word' id='word_1_114' title='bbox 1728 1450 2048 1531; x_wconf 89' lang='lat' dir='ltr'><strong>Pompeius</strong></span> <span class='ocrx_word' id='word_1_115' title='bbox 2086 1454 2210 1512; x_wconf 89' lang='lat' dir='ltr'><strong>sive</strong></span> <span class='ocrx_word' id='word_1_116' title='bbox 2231 1459 2265 1508; x_wconf 76' lang='lat'>2</span> 
     </span>
     <span class='ocr_line' id='line_1_15' title="bbox 294 1534 2212 1619; baseline -0.002 -20"><span class='ocrx_word' id='word_1_117' title='bbox 294 1539 580 1619; x_wconf 90' lang='lat' dir='ltr'><strong>operibus</strong></span> <span class='ocrx_word' id='word_1_118' title='bbox 602 1539 875 1600; x_wconf 87' lang='lat' dir='ltr'><strong>Caesaris</strong></span> <span class='ocrx_word' id='word_1_119' title='bbox 895 1544 1203 1616; x_wconf 87' lang='lat' dir='ltr'><strong>permotus</strong></span> <span class='ocrx_word' id='word_1_120' title='bbox 1224 1538 1349 1596; x_wconf 82' lang='lat' dir='ltr'><strong>sive</strong></span> <span class='ocrx_word' id='word_1_121' title='bbox 1369 1538 1568 1604; x_wconf 88' lang='lat' dir='ltr'><strong>etiam,</strong></span> <span class='ocrx_word' id='word_1_122' title='bbox 1599 1534 1755 1614; x_wconf 89' lang='lat' dir='ltr'><strong>quod</strong></span> <span class='ocrx_word' id='word_1_123' title='bbox 1786 1535 1861 1596; x_wconf 90' lang='lat' dir='ltr'><strong>ab</strong></span> <span class='ocrx_word' id='word_1_124' title='bbox 1891 1537 2068 1595; x_wconf 90' lang='lat' dir='ltr'><strong>initio</strong></span> <span class='ocrx_word' id='word_1_125' title='bbox 2096 1534 2212 1596; x_wconf 91' lang='lat' dir='ltr'><strong>Ita·</strong></span> 
     </span>
     <span class='ocr_line' id='line_1_16' title="bbox 292 1620 2214 1699; baseline -0.004 -14"><span class='ocrx_word' id='word_1_126' title='bbox 292 1624 370 1685; x_wconf 91' lang='lat' dir='ltr'><strong>lia</strong></span> <span class='ocrx_word' id='word_1_127' title='bbox 412 1623 705 1684; x_wconf 84' lang='lat' dir='ltr'><strong>excedere</strong></span> <span class='ocrx_word' id='word_1_128' title='bbox 748 1623 1169 1690; x_wconf 90' lang='lat' dir='ltr'><strong>constituerat,</strong></span> <span class='ocrx_word' id='word_1_129' title='bbox 1211 1620 1467 1681; x_wconf 85' lang='lat' dir='ltr'><strong>adventu</strong></span> <span class='ocrx_word' id='word_1_130' title='bbox 1504 1621 1744 1680; x_wconf 87' lang='lat' dir='ltr'><strong>navium</strong></span> <span class='ocrx_word' id='word_1_131' title='bbox 1783 1621 2214 1699; x_wconf 81' lang='lat' dir='ltr'><strong>profectionem</strong></span> 
     </span>
     <span class='ocr_line' id='line_1_17' title="bbox 291 1703 2268 1788; baseline -0.004 -21"><span class='ocrx_word' id='word_1_132' title='bbox 291 1725 504 1788; x_wconf 90' lang='lat' dir='ltr'><strong>parare</strong></span> <span class='ocrx_word' id='word_1_133' title='bbox 535 1708 768 1786; x_wconf 89' lang='lat' dir='ltr'><strong>incipit,</strong></span> <span class='ocrx_word' id='word_1_134' title='bbox 801 1713 863 1766; x_wconf 94' lang='lat' dir='ltr'><strong>et</strong></span> <span class='ocrx_word' id='word_1_135' title='bbox 890 1724 1008 1785; x_wconf 91' lang='lat' dir='ltr'><strong>quo</strong></span> <span class='ocrx_word' id='word_1_136' title='bbox 1038 1705 1276 1766; x_wconf 85' lang='lat' dir='ltr'><strong>facilius</strong></span> <span class='ocrx_word' id='word_1_137' title='bbox 1305 1706 1597 1783; x_wconf 89' lang='lat' dir='ltr'><strong>impetum</strong></span> <span class='ocrx_word' id='word_1_138' title='bbox 1627 1703 1900 1764; x_wconf 87' lang='lat' dir='ltr'><strong>Caesaris</strong></span> <span class='ocrx_word' id='word_1_139' title='bbox 1929 1703 2210 1771; x_wconf 89' lang='lat' dir='ltr'><strong>tardaret,</strong></span> <span class='ocrx_word' id='word_1_140' title='bbox 2232 1710 2268 1760; x_wconf 77' lang='grc'><strong>3</strong></span> 
     </span>
     <span class='ocr_line' id='line_1_18' title="bbox 290 1784 2211 1868; baseline -0.003 -16"><span class='ocrx_word' id='word_1_141' title='bbox 290 1809 369 1852; x_wconf 88' lang='lat' dir='ltr'><strong>ne</strong></span> <span class='ocrx_word' id='word_1_142' title='bbox 423 1790 534 1851; x_wconf 89' lang='lat' dir='ltr'><strong>sub</strong></span> <span class='ocrx_word' id='word_1_143' title='bbox 588 1793 717 1868; x_wconf 90' lang='lat' dir='ltr'><strong>ipsa</strong></span> <span class='ocrx_word' id='word_1_144' title='bbox 767 1791 1139 1868; x_wconf 86' lang='lat' dir='ltr'><strong>profectione</strong></span> <span class='ocrx_word' id='word_1_145' title='bbox 1179 1789 1402 1849; x_wconf 88' lang='lat' dir='ltr'><strong>milites</strong></span> <span class='ocrx_word' id='word_1_146' title='bbox 1446 1784 1728 1866; x_wconf 91' lang='lat' dir='ltr'><strong>oppidum</strong></span> <span class='ocrx_word' id='word_1_147' title='bbox 1779 1790 2211 1866; x_wconf 89' lang='lat' dir='ltr'><strong>inrumperent,</strong></span> 
     </span>
     <span class='ocr_line' id='line_1_19' title="bbox 291 1871 2212 1954; baseline -0.001 -21"><span class='ocrx_word' id='word_1_148' title='bbox 291 1882 496 1954; x_wconf 90' lang='lat' dir='ltr'><strong>portas</strong></span> <span class='ocrx_word' id='word_1_149' title='bbox 523 1873 802 1949; x_wconf 90' lang='lat' dir='ltr'><strong>obstruit,</strong></span> <span class='ocrx_word' id='word_1_150' title='bbox 832 1875 995 1933; x_wconf 86' lang='lat' dir='ltr'><strong>vicos</strong></span> <span class='ocrx_word' id='word_1_151' title='bbox 1021 1873 1364 1952; x_wconf 89' lang='lat' dir='ltr'><strong>plateasque</strong></span> <span class='ocrx_word' id='word_1_152' title='bbox 1395 1872 1754 1939; x_wconf 85' lang='lat' dir='ltr'><strong>inaedificat‚</strong></span> <span class='ocrx_word' id='word_1_153' title='bbox 1795 1871 1990 1932; x_wconf 82' lang='lat' dir='ltr'><strong>fossas</strong></span> <span class='ocrx_word' id='word_1_154' title='bbox 2017 1878 2212 1932; x_wconf 87' lang='lat' dir='ltr'><strong>trans·</strong></span> 
     </span>
     <span class='ocr_line' id='line_1_20' title="bbox 290 1955 2212 2034; baseline -0.001 -19"><span class='ocrx_word' id='word_1_155' title='bbox 290 1974 498 2017; x_wconf 84' lang='lat' dir='ltr'><strong>versas</strong></span> <span class='ocrx_word' id='word_1_156' title='bbox 537 1958 653 2015; x_wconf 84' lang='lat' dir='ltr'><strong>viis</strong></span> <span class='ocrx_word' id='word_1_157' title='bbox 689 1956 1001 2034; x_wconf 88' lang='lat' dir='ltr'><strong>praeducit</strong></span> <span class='ocrx_word' id='word_1_158' title='bbox 1042 1964 1218 2033; x_wconf 87' lang='lat' dir='ltr'><strong>atque</strong></span> <span class='ocrx_word' id='word_1_159' title='bbox 1258 1955 1346 2016; x_wconf 90' lang='lat' dir='ltr'><strong>ibi</strong></span> <span class='ocrx_word' id='word_1_160' title='bbox 1389 1956 1569 2016; x_wconf 91' lang='lat' dir='ltr'><strong>sudes</strong></span> <span class='ocrx_word' id='word_1_161' title='bbox 1607 1957 1962 2034; x_wconf 89' lang='lat' dir='ltr'><strong>stipitesque</strong></span> <span class='ocrx_word' id='word_1_162' title='bbox 2004 1973 2212 2034; x_wconf 91' lang='lat' dir='ltr'><strong>praea-</strong></span> 
     </span>
     <span class='ocr_line' id='line_1_21' title="bbox 288 2038 2266 2118; baseline -0.004 -16"><span class='ocrx_word' id='word_1_163' title='bbox 288 2049 463 2103; x_wconf 87' lang='lat' dir='ltr'><strong>cutos</strong></span> <span class='ocrx_word' id='word_1_164' title='bbox 505 2040 728 2117; x_wconf 84' lang='lat' dir='ltr'><strong>defigit.</strong></span> <span class='ocrx_word' id='word_1_165' title='bbox 797 2038 960 2100; x_wconf 88' lang='lat' dir='ltr'><strong>Haec</strong></span> <span class='ocrx_word' id='word_1_166' title='bbox 1008 2038 1242 2099; x_wconf 82' lang='lat' dir='ltr'><strong>levibus</strong></span> <span class='ocrx_word' id='word_1_167' title='bbox 1280 2038 1546 2099; x_wconf 85' lang='lat' dir='ltr'><strong>cratibus</strong></span> <span class='ocrx_word' id='word_1_168' title='bbox 1588 2047 1868 2118; x_wconf 89' lang='lat' dir='ltr'><strong>terraque</strong></span> <span class='ocrx_word' id='word_1_169' title='bbox 1911 2041 2203 2118; x_wconf 69' lang='lat' dir='ltr'><strong>inaequat,</strong></span> <span class='ocrx_word' id='word_1_170' title='bbox 2223 2046 2266 2111; x_wconf 65' lang='lat'><strong>³4</strong></span> 
     </span>
     <span class='ocr_line' id='line_1_22' title="bbox 292 2122 2213 2203; baseline -0.002 -16"><span class='ocrx_word' id='word_1_171' title='bbox 292 2126 490 2188; x_wconf 87' lang='lat' dir='ltr'><strong>aditus</strong></span> <span class='ocrx_word' id='word_1_172' title='bbox 531 2133 730 2185; x_wconf 90' lang='lat' dir='ltr'><strong>autem</strong></span> <span class='ocrx_word' id='word_1_173' title='bbox 772 2131 947 2203; x_wconf 91' lang='lat' dir='ltr'><strong>atque</strong></span> <span class='ocrx_word' id='word_1_174' title='bbox 1001 2124 1220 2185; x_wconf 88' lang='lat' dir='ltr'><strong>itinera</strong></span> <span class='ocrx_word' id='word_1_175' title='bbox 1261 2122 1412 2193; x_wconf 90' lang='lat' dir='ltr'><strong>duo,</strong></span> <span class='ocrx_word' id='word_1_176' title='bbox 1464 2141 1618 2202; x_wconf 91' lang='lat' dir='ltr'><strong>quae</strong></span> <span class='ocrx_word' id='word_1_177' title='bbox 1658 2130 1825 2184; x_wconf 82' lang='lat' dir='ltr'><strong>extra</strong></span> <span class='ocrx_word' id='word_1_178' title='bbox 1862 2142 2101 2184; x_wconf 89' lang='lat' dir='ltr'><strong>murum</strong></span> <span class='ocrx_word' id='word_1_179' title='bbox 2141 2123 2213 2184; x_wconf 93' lang='lat' dir='ltr'><strong>ad</strong></span> 
     </span>
     <span class='ocr_line' id='line_1_23' title="bbox 290 2206 2212 2291; baseline -0.001 -22"><span class='ocrx_word' id='word_1_180' title='bbox 290 2216 531 2291; x_wconf 91' lang='lat' dir='ltr'><strong>portum</strong></span> <span class='ocrx_word' id='word_1_181' title='bbox 560 2208 855 2277; x_wconf 82' lang='lat' dir='ltr'><strong>ferebant,</strong></span> <span class='ocrx_word' id='word_1_182' title='bbox 880 2209 1158 2268; x_wconf 83' lang='lat' dir='ltr'><strong>maximis</strong></span> <span class='ocrx_word' id='word_1_183' title='bbox 1180 2206 1390 2268; x_wconf 84' lang='lat' dir='ltr'><strong>defixis</strong></span> <span class='ocrx_word' id='word_1_184' title='bbox 1416 2207 1693 2268; x_wconf 89' lang='lat' dir='ltr'><strong>trabibus</strong></span> <span class='ocrx_word' id='word_1_185' title='bbox 1716 2215 1890 2287; x_wconf 92' lang='lat' dir='ltr'><strong>atque</strong></span> <span class='ocrx_word' id='word_1_186' title='bbox 1921 2210 2010 2268; x_wconf 89' lang='lat' dir='ltr'><strong>eis</strong></span> <span class='ocrx_word' id='word_1_187' title='bbox 2037 2226 2212 2287; x_wconf 90' lang='lat' dir='ltr'><strong>prae·</strong></span> 
     </span>
     <span class='ocr_line' id='line_1_24' title="bbox 293 2290 2263 2373; baseline -0.003 -18"><span class='ocrx_word' id='word_1_188' title='bbox 293 2296 482 2355; x_wconf 85' lang='lat' dir='ltr'><strong>acutis</strong></span> <span class='ocrx_word' id='word_1_189' title='bbox 509 2296 832 2373; x_wconf 89' lang='lat' dir='ltr'><strong>praesepit.</strong></span> <span class='ocrx_word' id='word_1_190' title='bbox 902 2293 1012 2353; x_wconf 88' lang='lat' dir='ltr'><strong>llis</strong></span> <span class='ocrx_word' id='word_1_191' title='bbox 1038 2294 1265 2371; x_wconf 90' lang='lat' dir='ltr'><strong>paratis</strong></span> <span class='ocrx_word' id='word_1_192' title='bbox 1291 2290 1477 2352; x_wconf 90' lang='lat' dir='ltr'><strong>rebus</strong></span> <span class='ocrx_word' id='word_1_193' title='bbox 1505 2292 1732 2352; x_wconf 87' lang='lat' dir='ltr'><strong>milites</strong></span> <span class='ocrx_word' id='word_1_194' title='bbox 1759 2292 2001 2352; x_wconf 90' lang='lat' dir='ltr'><strong>silentio</strong></span> <span class='ocrx_word' id='word_1_195' title='bbox 2028 2310 2210 2352; x_wconf 84' lang='lat' dir='ltr'><strong>naves</strong></span> <span class='ocrx_word' id='word_1_196' title='bbox 2230 2300 2263 2350; x_wconf 75' lang='lat'><strong>1⁵</strong></span> 
     </span>
     <span class='ocr_line' id='line_1_25' title="bbox 292 2376 2212 2455; baseline -0.001 -17"><span class='ocrx_word' id='word_1_197' title='bbox 292 2378 695 2438; x_wconf 87' lang='lat' dir='ltr'><strong>conscendere</strong></span> <span class='ocrx_word' id='word_1_198' title='bbox 723 2376 922 2446; x_wconf 89' lang='lat' dir='ltr'><strong>iubet,</strong></span> <span class='ocrx_word' id='word_1_199' title='bbox 965 2376 1275 2455; x_wconf 82' lang='lat' dir='ltr'><strong>expeditos</strong></span> <span class='ocrx_word' id='word_1_200' title='bbox 1304 2383 1501 2436; x_wconf 90' lang='lat' dir='ltr'><strong>autem</strong></span> <span class='ocrx_word' id='word_1_201' title='bbox 1532 2393 1607 2437; x_wconf 84' lang='lat' dir='ltr'><strong>ex</strong></span> <span class='ocrx_word' id='word_1_202' title='bbox 1640 2378 1925 2444; x_wconf 81' lang='lat' dir='ltr'><strong>evocatis,</strong></span> <span class='ocrx_word' id='word_1_203' title='bbox 1970 2379 2212 2453; x_wconf 88' lang='lat' dir='ltr'><strong>sagitta·</strong></span> 
     </span>
     <span class='ocr_line' id='line_1_26' title="bbox 291 2459 2212 2540; baseline -0.002 -17"><span class='ocrx_word' id='word_1_204' title='bbox 291 2464 402 2523; x_wconf 86' lang='lat' dir='ltr'><strong>riis</strong></span> <span class='ocrx_word' id='word_1_205' title='bbox 427 2460 952 2540; x_wconf 82' lang='lat' dir='ltr'><strong>funditoribusque</strong></span> <span class='ocrx_word' id='word_1_206' title='bbox 992 2477 1162 2521; x_wconf 90' lang='lat' dir='ltr'><strong>raros</strong></span> <span class='ocrx_word' id='word_1_207' title='bbox 1203 2462 1268 2519; x_wconf 91' lang='lat' dir='ltr'><strong>in</strong></span> <span class='ocrx_word' id='word_1_208' title='bbox 1298 2477 1470 2519; x_wconf 90' lang='lat' dir='ltr'><strong>muro</strong></span> <span class='ocrx_word' id='word_1_209' title='bbox 1509 2459 1899 2539; x_wconf 89' lang='lat' dir='ltr'><strong>turribusque</strong></span> <span class='ocrx_word' id='word_1_210' title='bbox 1930 2460 2212 2539; x_wconf 88' lang='lat' dir='ltr'><strong>disponit.</strong></span> 
     </span>
     <span class='ocr_line' id='line_1_27' title="bbox 289 2544 2265 2622; baseline -0.003 -15"><span class='ocrx_word' id='word_1_211' title='bbox 289 2545 410 2607; x_wconf 82' lang='lat' dir='ltr'><strong>Hos</strong></span> <span class='ocrx_word' id='word_1_212' title='bbox 439 2553 606 2606; x_wconf 88' lang='lat' dir='ltr'><strong>certo</strong></span> <span class='ocrx_word' id='word_1_213' title='bbox 645 2548 819 2622; x_wconf 86' lang='lat' dir='ltr'><strong>signo</strong></span> <span class='ocrx_word' id='word_1_214' title='bbox 858 2561 1139 2604; x_wconf 84' lang='lat' dir='ltr'><strong>revocare</strong></span> <span class='ocrx_word' id='word_1_215' title='bbox 1175 2546 1514 2613; x_wconf 73' lang='lat' dir='ltr'><strong>constituIt,</strong></span> <span class='ocrx_word' id='word_1_216' title='bbox 1562 2562 1698 2604; x_wconf 89' lang='lat' dir='ltr'><strong>cum</strong></span> <span class='ocrx_word' id='word_1_217' title='bbox 1740 2561 1946 2605; x_wconf 88' lang='lat' dir='ltr'><strong>omnes</strong></span> <span class='ocrx_word' id='word_1_218' title='bbox 1987 2544 2210 2605; x_wconf 87' lang='lat' dir='ltr'><strong>milites</strong></span> <span class='ocrx_word' id='word_1_219' title='bbox 2232 2552 2265 2601; x_wconf 74' lang='lat' dir='ltr'><strong>o</strong></span> 
     </span>
     <span class='ocr_line' id='line_1_28' title="bbox 290 2627 2214 2707; baseline -0.001 -18"><span class='ocrx_word' id='word_1_220' title='bbox 290 2648 472 2690; x_wconf 82' lang='lat' dir='ltr'><strong>naves</strong></span> <span class='ocrx_word' id='word_1_221' title='bbox 521 2629 1040 2698; x_wconf 87' lang='lat' dir='ltr'><strong>conscendissent,</strong></span> <span class='ocrx_word' id='word_1_222' title='bbox 1094 2635 1271 2707; x_wconf 88' lang='lat' dir='ltr'><strong>atque</strong></span> <span class='ocrx_word' id='word_1_223' title='bbox 1318 2629 1398 2687; x_wconf 89' lang='lat' dir='ltr'><strong>iis</strong></span> <span class='ocrx_word' id='word_1_224' title='bbox 1451 2627 1730 2706; x_wconf 84' lang='lat' dir='ltr'><strong>expedito</strong></span> <span class='ocrx_word' id='word_1_225' title='bbox 1779 2628 1911 2688; x_wconf 92' lang='lat' dir='ltr'><strong>loco</strong></span> <span class='ocrx_word' id='word_1_226' title='bbox 1950 2630 2214 2688; x_wconf 89' lang='lat' dir='ltr'><strong>actuaria</strong></span> 
     </span>
     <span class='ocr_line' id='line_1_29' title="bbox 288 2713 864 2792; baseline 0 -19"><span class='ocrx_word' id='word_1_227' title='bbox 288 2716 525 2790; x_wconf 83' lang='lat' dir='ltr'><strong>navigia</strong></span> <span class='ocrx_word' id='word_1_228' title='bbox 555 2713 864 2792; x_wconf 89' lang='lat' dir='ltr'><strong>relinquit.</strong></span> 
     </span>
    </p>

    <p class='ocr_par' dir='ltr' id='par_1_4' title="bbox 288 2793 2266 3630">
     <span class='ocr_line' id='line_1_30' title="bbox 415 2793 2263 2876; baseline -0.001 -20"><span class='ocrx_word' id='word_1_229' title='bbox 415 2794 675 2856; x_wconf 85' lang='lat' dir='ltr'><strong>XXVIII.</strong></span> <span class='ocrx_word' id='word_1_230' title='bbox 734 2796 1085 2857; x_wconf 87' lang='lat' dir='ltr'><strong>Brundisini</strong></span> <span class='ocrx_word' id='word_1_231' title='bbox 1126 2796 1624 2876; x_wconf 89' lang='lat' dir='ltr'><strong>Pompeianorum</strong></span> <span class='ocrx_word' id='word_1_232' title='bbox 1661 2796 1919 2857; x_wconf 88' lang='lat' dir='ltr'><strong>militum</strong></span> <span class='ocrx_word' id='word_1_233' title='bbox 1971 2793 2263 2856; x_wconf 64' lang='lat' dir='ltr'><strong>iniuriis]</strong></span> 
     </span>
     <span class='ocr_line' id='line_1_31' title="bbox 292 2878 2214 2959; baseline 0.001 -20"><span class='ocrx_word' id='word_1_234' title='bbox 292 2886 469 2957; x_wconf 89' lang='lat' dir='ltr'><strong>atque</strong></span> <span class='ocrx_word' id='word_1_235' title='bbox 512 2880 704 2956; x_wconf 89' lang='lat' dir='ltr'><strong>ipsius</strong></span> <span class='ocrx_word' id='word_1_236' title='bbox 732 2880 979 2959; x_wconf 89' lang='lat' dir='ltr'><strong>Pompei</strong></span> <span class='ocrx_word' id='word_1_237' title='bbox 1018 2881 1397 2941; x_wconf 88' lang='lat' dir='ltr'><strong>contumeliis</strong></span> <span class='ocrx_word' id='word_1_238' title='bbox 1436 2883 1694 2959; x_wconf 90' lang='lat' dir='ltr'><strong>permoti</strong></span> <span class='ocrx_word' id='word_1_239' title='bbox 1726 2881 1993 2941; x_wconf 90' lang='lat' dir='ltr'><strong>Caesaris</strong></span> <span class='ocrx_word' id='word_1_240' title='bbox 2030 2878 2214 2940; x_wconf 90' lang='lat' dir='ltr'><strong>rebus</strong></span> 
     </span>
     <span class='ocr_line' id='line_1_32' title="bbox 292 2961 2266 3042; baseline -0.002 -19"><span class='ocrx_word' id='word_1_241' title='bbox 292 2961 587 3023; x_wconf 82' lang='lat' dir='ltr'><strong>favebant.</strong></span> <span class='ocrx_word' id='word_1_242' title='bbox 657 2961 863 3040; x_wconf 90' lang='lat' dir='ltr'><strong>Itaque</strong></span> <span class='ocrx_word' id='word_1_243' title='bbox 895 2966 1129 3039; x_wconf 82' lang='lat' dir='ltr'><strong>cognita</strong></span> <span class='ocrx_word' id='word_1_244' title='bbox 1160 2964 1407 3042; x_wconf 90' lang='lat' dir='ltr'><strong>Pompei</strong></span> <span class='ocrx_word' id='word_1_245' title='bbox 1452 2964 1822 3042; x_wconf 76' lang='lat' dir='ltr'><strong>profectione</strong></span> <span class='ocrx_word' id='word_1_246' title='bbox 1853 2979 2210 3021; x_wconf 89' lang='lat' dir='ltr'><strong>concursan·</strong></span> <span class='ocrx_word' id='word_1_247' title='bbox 2233 2971 2266 3018; x_wconf 81' lang='lat'><strong>2</strong></span> 
     </span>
     <span class='ocr_line' id='line_1_33' title="bbox 289 3046 2212 3125; baseline -0.001 -19"><span class='ocrx_word' id='word_1_248' title='bbox 289 3046 453 3106; x_wconf 90' lang='lat' dir='ltr'><strong>tibus</strong></span> <span class='ocrx_word' id='word_1_249' title='bbox 481 3046 605 3106; x_wconf 89' lang='lat' dir='ltr'><strong>illis</strong></span> <span class='ocrx_word' id='word_1_250' title='bbox 635 3053 812 3125; x_wconf 88' lang='lat' dir='ltr'><strong>atque</strong></span> <span class='ocrx_word' id='word_1_251' title='bbox 841 3048 905 3106; x_wconf 92' lang='lat' dir='ltr'><strong>in</strong></span> <span class='ocrx_word' id='word_1_252' title='bbox 936 3063 1008 3105; x_wconf 89' lang='lat' dir='ltr'><strong>ea</strong></span> <span class='ocrx_word' id='word_1_253' title='bbox 1035 3064 1104 3105; x_wconf 92' lang='lat' dir='ltr'><strong>re</strong></span> <span class='ocrx_word' id='word_1_254' title='bbox 1135 3048 1442 3124; x_wconf 88' lang='lat' dir='ltr'><strong>occupatis</strong></span> <span class='ocrx_word' id='word_1_255' title='bbox 1470 3046 1645 3124; x_wconf 80' lang='lat' dir='ltr'><strong>vulgo</strong></span> <span class='ocrx_word' id='word_1_256' title='bbox 1676 3065 1749 3106; x_wconf 86' lang='lat' dir='ltr'><strong>ex</strong></span> <span class='ocrx_word' id='word_1_257' title='bbox 1778 3048 1956 3106; x_wconf 90' lang='lat' dir='ltr'><strong>tectis</strong></span> <span class='ocrx_word' id='word_1_258' title='bbox 1985 3046 2212 3121; x_wconf 86' lang='lat' dir='ltr'><strong>signifi·</strong></span> 
     </span>
     <span class='ocr_line' id='line_1_34' title="bbox 290 3130 2213 3209; baseline -0.001 -18"><span class='ocrx_word' id='word_1_259' title='bbox 290 3130 525 3191; x_wconf 89' lang='lat' dir='ltr'><strong>cabant.</strong></span> <span class='ocrx_word' id='word_1_260' title='bbox 583 3130 700 3189; x_wconf 90' lang='lat' dir='ltr'><strong>Per</strong></span> <span class='ocrx_word' id='word_1_261' title='bbox 728 3148 877 3209; x_wconf 91' lang='lat' dir='ltr'><strong>quos</strong></span> <span class='ocrx_word' id='word_1_262' title='bbox 904 3147 973 3189; x_wconf 93' lang='lat' dir='ltr'><strong>re</strong></span> <span class='ocrx_word' id='word_1_263' title='bbox 1002 3131 1239 3207; x_wconf 86' lang='lat' dir='ltr'><strong>cognita</strong></span> <span class='ocrx_word' id='word_1_264' title='bbox 1270 3130 1488 3190; x_wconf 90' lang='lat' dir='ltr'><strong>Caesar</strong></span> <span class='ocrx_word' id='word_1_265' title='bbox 1516 3130 1707 3191; x_wconf 85' lang='lat' dir='ltr'><strong>scalas</strong></span> <span class='ocrx_word' id='word_1_266' title='bbox 1732 3131 1932 3209; x_wconf 88' lang='lat' dir='ltr'><strong>parari</strong></span> <span class='ocrx_word' id='word_1_267' title='bbox 1962 3130 2213 3190; x_wconf 89' lang='lat' dir='ltr'><strong>milites·</strong></span> 
     </span>
     <span class='ocr_line' id='line_1_35' title="bbox 288 3213 2212 3294; baseline -0.001 -19"><span class='ocrx_word' id='word_1_268' title='bbox 288 3233 406 3294; x_wconf 91' lang='lat' dir='ltr'><strong>que</strong></span> <span class='ocrx_word' id='word_1_269' title='bbox 436 3216 654 3275; x_wconf 88' lang='lat' dir='ltr'><strong>armari</strong></span> <span class='ocrx_word' id='word_1_270' title='bbox 685 3214 875 3285; x_wconf 89' lang='lat' dir='ltr'><strong>iubet,</strong></span> <span class='ocrx_word' id='word_1_271' title='bbox 910 3232 986 3273; x_wconf 92' lang='lat' dir='ltr'><strong>ne</strong></span> <span class='ocrx_word' id='word_1_272' title='bbox 1017 3231 1193 3291; x_wconf 87' lang='lat' dir='ltr'><strong>quam</strong></span> <span class='ocrx_word' id='word_1_273' title='bbox 1222 3216 1313 3274; x_wconf 91' lang='lat' dir='ltr'><strong>rei</strong></span> <span class='ocrx_word' id='word_1_274' title='bbox 1342 3214 1641 3291; x_wconf 85' lang='lat' dir='ltr'><strong>gerendae</strong></span> <span class='ocrx_word' id='word_1_275' title='bbox 1669 3213 1987 3275; x_wconf 82' lang='lat' dir='ltr'><strong>faculatem</strong></span> <span class='ocrx_word' id='word_1_276' title='bbox 2011 3214 2212 3273; x_wconf 89' lang='lat' dir='ltr'><strong>dimit·</strong></span> 
     </span>
     <span class='ocr_line' id='line_1_36' title="bbox 289 3296 2266 3378; baseline -0.002 -20"><span class='ocrx_word' id='word_1_277' title='bbox 289 3306 395 3359; x_wconf 91' lang='lat' dir='ltr'><strong>tat.</strong></span> <span class='ocrx_word' id='word_1_278' title='bbox 437 3299 756 3378; x_wconf 86' lang='lat' dir='ltr'><strong>Pompeius</strong></span> <span class='ocrx_word' id='word_1_279' title='bbox 784 3296 896 3358; x_wconf 90' lang='lat' dir='ltr'><strong>sub</strong></span> <span class='ocrx_word' id='word_1_280' title='bbox 917 3305 1154 3359; x_wconf 90' lang='lat' dir='ltr'><strong>noctem</strong></span> <span class='ocrx_word' id='word_1_281' title='bbox 1181 3300 1351 3359; x_wconf 85' lang='lat' dir='ltr'><strong>navis</strong></span> <span class='ocrx_word' id='word_1_282' title='bbox 1379 3298 1574 3359; x_wconf 84' lang='lat' dir='ltr'><strong>solvit.</strong></span> <span class='ocrx_word' id='word_1_283' title='bbox 1618 3296 1730 3368; x_wconf 88' lang='lat' dir='ltr'><strong>Qui</strong></span> <span class='ocrx_word' id='word_1_284' title='bbox 1756 3304 1927 3358; x_wconf 90' lang='lat' dir='ltr'><strong>erant</strong></span> <span class='ocrx_word' id='word_1_285' title='bbox 1952 3299 2016 3357; x_wconf 92' lang='lat' dir='ltr'><strong>in</strong></span> <span class='ocrx_word' id='word_1_286' title='bbox 2037 3315 2209 3358; x_wconf 88' lang='lat' dir='ltr'><strong>muro</strong></span> <span class='ocrx_word' id='word_1_287' title='bbox 2230 3304 2266 3353; x_wconf 74' lang='grc'><strong>3</strong></span> 
     </span>
     <span class='ocr_line' id='line_1_37' title="bbox 289 3382 2210 3462; baseline -0.002 -19"><span class='ocrx_word' id='word_1_288' title='bbox 289 3382 597 3443; x_wconf 87' lang='lat' dir='ltr'><strong>custodiae</strong></span> <span class='ocrx_word' id='word_1_289' title='bbox 628 3401 804 3444; x_wconf 91' lang='lat' dir='ltr'><strong>causa</strong></span> <span class='ocrx_word' id='word_1_290' title='bbox 835 3382 1149 3452; x_wconf 87' lang='lat' dir='ltr'><strong>conlocati,</strong></span> <span class='ocrx_word' id='word_1_291' title='bbox 1181 3401 1253 3443; x_wconf 93' lang='lat' dir='ltr'><strong>eo</strong></span> <span class='ocrx_word' id='word_1_292' title='bbox 1280 3385 1473 3459; x_wconf 84' lang='lat' dir='ltr'><strong>signo,</strong></span> <span class='ocrx_word' id='word_1_293' title='bbox 1503 3382 1661 3462; x_wconf 89' lang='lat' dir='ltr'><strong>quod</strong></span> <span class='ocrx_word' id='word_1_294' title='bbox 1691 3390 2077 3452; x_wconf 84' lang='lat' dir='ltr'><strong>convenerat,</strong></span> <span class='ocrx_word' id='word_1_295' title='bbox 2113 3400 2210 3441; x_wconf 92' lang='lat' dir='ltr'><strong>re-</strong></span> 
     </span>
     <span class='ocr_line' id='line_1_38' title="bbox 288 3466 2265 3547; baseline -0.003 -21"><span class='ocrx_word' id='word_1_296' title='bbox 288 3474 574 3527; x_wconf 82' lang='lat' dir='ltr'><strong>vocantur</strong></span> <span class='ocrx_word' id='word_1_297' title='bbox 600 3470 875 3547; x_wconf 90' lang='lat' dir='ltr'><strong>notisque</strong></span> <span class='ocrx_word' id='word_1_298' title='bbox 903 3466 1225 3527; x_wconf 89' lang='lat' dir='ltr'><strong>itineribus</strong></span> <span class='ocrx_word' id='word_1_299' title='bbox 1255 3468 1327 3527; x_wconf 92' lang='lat' dir='ltr'><strong>ad</strong></span> <span class='ocrx_word' id='word_1_300' title='bbox 1368 3484 1550 3527; x_wconf 84' lang='lat' dir='ltr'><strong>naves</strong></span> <span class='ocrx_word' id='word_1_301' title='bbox 1579 3466 1927 3526; x_wconf 89' lang='lat' dir='ltr'><strong>decurrunt.</strong></span> <span class='ocrx_word' id='word_1_302' title='bbox 1985 3466 2208 3526; x_wconf 81' lang='lat' dir='ltr'><strong>Milites</strong></span> <span class='ocrx_word' id='word_1_303' title='bbox 2228 3474 2265 3521; x_wconf 80' lang='grc'>4</span> 
     </span>
     <span class='ocr_line' id='line_1_39' title="bbox 290 3549 2206 3630; baseline 0.001 -18"><span class='ocrx_word' id='word_1_304' title='bbox 290 3551 498 3630; x_wconf 87' lang='lat' dir='ltr'><strong>positis</strong></span> <span class='ocrx_word' id='word_1_305' title='bbox 524 3552 704 3612; x_wconf 84' lang='lat' dir='ltr'><strong>scalis</strong></span> <span class='ocrx_word' id='word_1_306' title='bbox 729 3568 934 3611; x_wconf 86' lang='lat' dir='ltr'><strong>muros</strong></span> <span class='ocrx_word' id='word_1_307' title='bbox 964 3551 1313 3619; x_wconf 87' lang='lat' dir='ltr'><strong>ascendunt.</strong></span> <span class='ocrx_word' id='word_1_308' title='bbox 1355 3551 1463 3611; x_wconf 90' lang='lat' dir='ltr'><strong>sed</strong></span> <span class='ocrx_word' id='word_1_309' title='bbox 1492 3552 1703 3611; x_wconf 90' lang='lat' dir='ltr'><strong>moniti</strong></span> <span class='ocrx_word' id='word_1_310' title='bbox 1739 3568 1776 3611; x_wconf 83' lang='lat' dir='ltr'><strong>a</strong></span> <span class='ocrx_word' id='word_1_311' title='bbox 1807 3549 2206 3617; x_wconf 66' lang='lat' dir='ltr'><strong>Brundisinis,</strong></span> 
     </span>
    </p>
   </div>
  </div>
 </body>
</html>
