2750 4255
172 3679 375 3790 Ἃ,

404 3811 465 3884 1,Ἃὶ

419 409 425 413 .
509 320 595 386 92
1151 325 1249 381 DE
1289 323 1525 381 nmo
1570 322 1789 380 cmm

508 493 626 553 tice
670 509 744 552 ex
796 488 1117 553 arboribus
1155 491 1443 560 victuros,
1486 507 1665 570 quam
1705 489 2057 568 Pompeium
2095 507 2128 550 e
2159 486 2442 553 manibus

454 584 489 635 2
513 575 885 636 dimissuros.
971 574 1263 636 Libenter
1314 576 1493 636 etiam
1543 591 1618 635 ex
1666 573 1934 654 perfugis
1976 573 2438 652 cognoscebant,

511 678 697 739 equos
725 678 933 721 eorum
961 659 1229 729 tolerari,
1260 659 1493 738 reliqua
1522 675 1664 719 vero
1694 660 1960 719 iumenta
1989 659 2304 730 interisse;
2346 661 2439 718 uti

510 751 709 805 autem
760 746 925 824 ipsos
967 743 1302 804 valetudine
1342 760 1465 804 non
1516 741 1673 803 bona
1712 760 1848 803 cum
1886 744 2179 819 angustiis
2216 742 2334 803 loci
2377 750 2440 802 et

509 828 692 889 odore
719 836 913 889 taetro
943 845 1018 888 ex
1046 826 1428 888 multitudine
1452 826 1807 887 cadaverum
1833 834 1896 887 et
1924 826 2243 887 cotidianis
2270 824 2437 886 labo-

507 912 698 982 ribuS,
722 914 995 973 insuetos
1016 928 1287 990 operum,
1310 918 1437 972 tum
1469 928 1909 989 aquae-summa
1929 912 2135 989 inopia
2149 910 2436 971 adfectos.

457 1004 490 1054 8
512 995 726 1058 Omnia
755 998 917 1057 enim
946 994 1194 1056 flumina
1222 1002 1401 1074 atque
1432 1012 1647 1055 omnes
1656 997 1833 1065 rivos,
1864 997 1970 1075 qui
1998 994 2074 1055 ad
2104 1012 2267 1055 mare
2296 1012 2437 1074 per·

507 1079 809 1150 tinebant,
852 1080 1070 1141 Caesar
1103 1086 1211 1140 aut
1249 1086 1550 1141 averterat
1588 1086 1690 1141 aut
1729 1080 1963 1157 maguis
2002 1078 2290 1158 operibus
2328 1077 2437 1139 ob-

508 1170 842 1234 struxerat,
893 1171 1072 1243 atque
1121 1172 1187 1226 ut
1233 1170 1408 1224 erant
1454 1163 1585 1225 loca
1632 1170 1945 1226 montuosa
1985 1170 2047 1223 et
2095 1163 2172 1224 ad
2221 1181 2440 1243 specus

510 1249 819 1327 angustiae
847 1247 1116 1319 vallium,
1159 1247 1271 1309 has
1306 1247 1552 1310 sublicis
1593 1249 1658 1311 in
1699 1257 1922 1308 terram
1954 1247 2233 1308 demissis
2259 1265 2436 1327 prae-

457 1339 492 1388 4
513 1339 785 1413 sepserat
810 1340 1152 1412 terramque
1183 1333 1514 1402 adiecerat,
1555 1339 1624 1392 ut
1660 1349 1874 1411 aquam
1902 1333 2256 1392 contineret.
2317 1332 2435 1393 Ita·

507 1435 624 1497 que
653 1417 744 1478 illi
771 1419 1114 1478 necessario
1142 1417 1277 1478 loca
1303 1418 1474 1497 sequi
1514 1415 1771 1477 demissa
1800 1434 1869 1477 ac
1909 1415 2197 1494 palustria
2226 1423 2288 1477 et
2326 1435 2438 1497 pu·

508 1507 639 1562 teos
666 1501 873 1562 fodere
904 1500 1273 1578 cogebantur
1303 1508 1481 1580 atque
1509 1500 1669 1560 hunc
1703 1498 1973 1561 laborem
2017 1500 2092 1560 ad
2134 1501 2434 1564 cotidiana

510 1604 693 1664 opera
723 1584 1050 1655 addebant;
1082 1587 1188 1664 qui
1215 1592 1424 1645 tamen¹
1446 1586 1640 1645 fontes
1660 1602 1695 1644 a
1724 1583 2081 1663 quibusdam
2113 1586 2436 1663 praesidiis

455 1676 489 1725 5
513 1668 765 1729 aberant
811 1669 1045 1746 longius
1084 1675 1145 1729 et
1194 1668 1478 1729 celeriter
1515 1666 1782 1730 aestibus
1825 1668 2274 1732 exarescebant.
2361 1670 2436 1731 At

509 1752 781 1814 Caesaris
832 1754 1132 1814 exercitus
1182 1753 1407 1831 optima
1455 1751 1795 1813 valetudine
1846 1770 2194 1833 summaque
2247 1771 2435 1834 aquae

509 1839 680 1916 copia
709 1837 1010 1907 utebatur,
1042 1844 1170 1898 tum
1200 1843 1568 1920 commeatus
1671 1838 1756 1916 ‚ni
1780 1853 2004 1964 geg-ere
2033 1845 2278 1918 praeter
2306 1839 2434 1899 fru-

507 1929 772 1982 mentum
805 1921 1176 1993 abundabat;
1219 1918 1438 1984 W
1453 1966 2004 1984 ......
2045 1906 2459 1983 “rw

510 1995 1196 2084 ..Mam
1253 2054 1271 2072 .
1363 2051 1380 2070 .
1468 2005 1689 2086 quibus
1728 2005 1951 2067 cotidie
1993 2006 2210 2066 melius
2263 2004 2434 2086 [sub-

467 2124 473 2130 ·
506 2088 736 2171 terere]
765 2087 905 2169 fore
925 2099 1162 2171 tempus
1183 2092 1590 2170 maioremque
1610 2108 1781 2172 spem
1801 2091 2146 2152 maturitate
2168 2091 2434 2152 frumen-

505 2181 705 2236 torum
733 2177 987 2255 proponi
1015 2175 1316 2236 videbant.

455 2266 485 2316 ι
634 2259 700 2319 L.
760 2259 830 2320 In
866 2277 1019 2319 novo
1062 2276 1284 2336 genere
1327 2257 1469 2320 belli
1507 2278 1693 2321 novae
1738 2259 1812 2321 ab
1853 2260 2125 2340 utrisque
2171 2258 2433 2320 bellandi

505 2345 773 2403 rationes
821 2342 1303 2421 reperiebantur.
1385 2342 1508 2415 Illi,
1561 2362 1698 2405 cum
1750 2344 2311 2405 animadvertissent
2359 2361 2433 2404 ex

505 2425 780 2503 ignibuS,
820 2433 996 2487 nocte
1037 2426 1312 2488 cobortes
1341 2434 1576 2489 nostras
1605 2428 1676 2489 ad
1717 2429 2084 2489 munitiones
2112 2427 2431 2499 excubare,

507 2509 746 2572 silentio
776 2510 1043 2588 adgressi
1072 2513 1338 2573 universi
1368 2514 1529 2573 intra
1556 2511 1997 2572 multitudinem
2020 2512 2262 2589 sagittas
2290 2513 2431 2572 con-

453 2603 486 2651 2
509 2593 777 2655 iciebant
804 2602 866 2655 et
895 2612 960 2655 se
988 2596 1304 2659 confestim
1335 2597 1410 2658 ad
1441 2614 1581 2657 suos
1606 2595 2002 2675 recipiebant.
2074 2593 2312 2666 Quibus
2332 2614 2432 2663 re-

507 2676 621 2739 bus
658 2681 850 2739 nostri
888 2697 1002 2740 usu
1043 2680 1202 2742 docti
1241 2681 1392 2741 haec
1431 2679 1814 2759 reperiebant
1857 2679 2153 2750 remedia,
2207 2687 2277 2740 ut
2315 2680 2433 2741 alio

506 2761 636 2823 loco
676 2764 849 2839 ignes
876 2764 1149 2825 facerent
1235 2808 1785 2826 ......
1845 2815 1858 2828 .
1876 2808 2429 2826 ......

454 3026 482 3071 1
629 3013 725 3075 LI.
783 3015 1033 3078 Interim
1073 3018 1297 3076 certior
1335 3017 1528 3077 factus
1565 3015 1632 3077 P.
1666 3014 1855 3086 Sulla,
1897 3034 2077 3095 quem
2116 3015 2433 3078 discedens

505 3101 719 3159 castris
756 3102 1132 3178 praefecerat
1164 3101 1412 3169 Caesar,
1457 3100 1677 3160 auxilio
1704 3099 1935 3160 cohorti
1963 3102 2128 3160 venit
2168 3118 2302 3161 cum
2342 3100 2429 3160 le-

504 3182 782 3260 gionibus
813 3184 1076 3254 duabus;
1119 3186 1292 3245 cuius
1321 3182 1577 3244 adventu
1614 3184 1787 3244 facile
1818 3191 1959 3245 sunt
1999 3184 2225 3263 repulsi
2255 3184 2429 3245 Pom-

451 3274 485 3323 2
507 3268 732 3346 peiani.
791 3267 998 3347 Neque
1028 3285 1169 3328 vero
1199 3274 1582 3346 conspectum
1621 3274 1722 3328 aut
1761 3270 2051 3347 impetum
2089 3276 2431 3329 nostrorum

503 3351 798 3420 tulerunt,
847 3353 1175 3431 primisque
1208 3350 1459 3412 deiectis
1498 3351 1716 3431 reliqui
1754 3370 1819 3413 se
1849 3360 2163 3414 verterunt
2200 3359 2262 3413 et
2299 3352 2430 3413 loco

450 3446 482 3492 u
505 3442 836 3495 cesserunt.
918 3436 1037 3496 Sed
1076 3436 1462 3515 insequentes
1499 3442 1769 3505 nostros,
1822 3454 1899 3497 ne
1947 3437 2183 3515 longius
2222 3454 2430 3515 prose-

502 3527 860 3598 querentur,
905 3518 1068 3580 Sulla
1106 3522 1429 3582 revocavit.
1503 3523 1579 3581 At
1626 3521 1903 3600 plerique
1943 3523 2317 3591 existimant,
2375 3521 2428 3581 si

501 3605 700 3663 acrius
755 3603 993 3684 insequi
1035 3604 1348 3677 voluisset,
1403 3605 1627 3667 bellum
1668 3623 1740 3666 eo
1783 3605 1881 3666 die
1925 3607 2190 3687 potuisse
2229 3605 2427 3666 finire.

460 3889 487 3926 ‘¹2

484 3927 651 4154 K..
