2750 4255
687 297 915 355 coMM.
942 298 1013 356 11.
1057 296 1211 355 CAP.
1238 297 1753 358 mlh-XXXV.
2096 293 2179 361 61

235 464 543 528 mitteret.
631 463 820 525 Simul
877 462 952 525 ab
1012 465 1256 525 sinistro
1313 482 1499 524 cornu
1553 465 1621 526 P.
1678 465 1827 526 Attii
1884 466 2181 546 equitatus
2202 473 2235 524 2

238 551 448 609 omnis
479 554 540 608 et
557 566 676 609 una
693 548 839 609 levis
869 554 1204 610 armaturae
1234 550 1538 609 interiecti
1568 549 1922 628 complures,
1955 567 2091 610 cum
2114 568 2178 610 se

237 633 314 693 in
346 632 561 693 vallem
590 632 1008 703 demitterent,
1051 632 1472 694 cernebantur.
1538 632 1632 693 Ad
1657 651 1768 693 eos·
1791 634 1971 695 Curio
2011 637 2177 712 equi·
2199 643 2232 688 3

238 723 442 777 tatum
471 723 537 777 et
561 717 708 777 duas
723 717 1200 778 Marrucinorum
1230 717 1492 778 cohortis
1521 719 1737 788 mittit;
1769 735 2025 797 quorum
2054 720 2178 796 pri·

239 819 413 862 mum
443 802 734 881 impetum
765 801 1734 881 equiteshostiumnon=tulerunt,
1770 800 1874 863 sed
1904 802 2181 862 admissis

240 884 426 965 equis
455 886 530 946 ad
560 904 700 946 suos
728 886 1111 963 refugerunt:
1154 887 1353 948 relicti
1384 886 1459 946 ab
1488 886 1612 956 his,
1646 888 1750 966 qui
1781 904 1899 947 una
1927 903 2179 966 procur·
2269 912 2272 913 ⁷

239 977 457 1031 rerant
483 969 634 1031 levis
667 978 1004 1031 armaturae
1019 1017 1038 1046 ‚
1079 970 1708 1032 circumveniebantur
1743 977 1930 1050 atque¹
1950 971 2177 1031 interfi-

241 1053 568 1115 ciebantur
607 1053 682 1115 ab
712 1057 954 1116 nostris·
1026 1055 1157 1115 Huc
1197 1062 1322 1116 tota
1351 1055 1500 1115 Vari·
1525 1071 1809 1116 conversa
1849 1057 2012 1116 acies
2040 1071 2181 1115 suos

240 1139 459 1219 fugere
490 1145 550 1199 et
578 1139 812 1199 concidi
841 1138 1101 1200 videbat.
1172 1139 1340 1199 Tunc
1382 1138 1659 1209 Rebilus,
1706 1139 1935 1216 legatus
1964 1140 2176 1201 Caesa·
2197 1146 2231 1194 4

245 1224 372 1291 riS‚
404 1240 583 1302 quem
613 1222 793 1284 Curio
824 1241 1028 1284 secum
1059 1242 1132 1283 ex
1162 1223 1364 1284 Sicilia
1396 1224 1683 1294 duxerat,
1711 1223 1867 1303 quod
1897 1240 2179 1301 magnum

242 1305 473 1367 habere
515 1325 686 1368 usum
716 1309 780 1368 in
810 1325 878 1368 re
908 1308 1156 1369 militari
1187 1307 1451 1377 sciebat,
1484 1302 1929 1383 Perterrimm,
1960 1308 2176 1386 inquit,

240 1387 483 1453 hostem
507 1389 708 1467 vidae,
742 1387 936 1454 Curio
950 1410 975 1454 .·
1016 1389 1172 1471 quid
1197 1389 1451 1454 dubitas
1489 1390 1585 1454 uti
1626 1388 1919 1470 remoris
1956 1407 2177 1470 oppor-

242 1472 560 1538 uanitate?
600 1475 705 1536 Ille
737 1495 922 1537 unum
952 1477 1246 1547 elocutuS,
1289 1482 1356 1536 ut
1385 1477 1672 1536 memoria
1702 1482 1980 1535 tenerent
2019 1474 2174 1535 mili·
2197 1482 2229 1529 5

244 1568 342 1621 tes
371 1578 458 1632 ea,
491 1579 643 1640 quae
665 1561 864 1640 pridie
893 1560 1014 1622 sibi
1045 1562 1526 1631 confirmassent,
1560 1561 1728 1640 sequi
1758 1577 1890 1619 sese
1920 1557 2089 1620 iubet
2119 1565 2182 1618 et

245 1647 585 1723 praecurrit
613 1652 749 1706 ante
780 1663 1008 1707 omnes,
1064 1646 1346 1726 Adeoque
1377 1651 1508 1705 erat
1534 1644 1821 1723 impedita
1849 1644 2018 1704 vallis
2049 1660 2082 1703 e
2111 1649 2181 1703 ut

245 1731 311 1789 in
342 1747 592 1790 ascensu
620 1731 739 1790 nisi
769 1730 1066 1791 sublevati
1096 1749 1129 1791 a
1157 1733 1282 1790 suis
1309 1730 1493 1809 primi
1523 1746 1643 1789 non
1670 1727 1846 1789 facile
1876 1730 2177 1788 eniteren-

245 1830 364 1874 tur.
437 1813 555 1874 Sed
595 1822 1066 1893 praeoccupatus
1103 1816 1338 1887 animus
1380 1813 1756 1874 Attianorum
1797 1812 2056 1872 militum
2096 1813 2173 1870 ti·
2195 1821 2228 1870 6

245 1914 421 1957 more
441 1904 500 1957 et
518 1898 659 1973 fuga
681 1905 741 1957 et
757 1898 938 1958 caede
963 1916 1204 1959 suorum
1226 1898 1377 1958 nihil
1399 1898 1474 1958 de
1497 1896 1832 1958 resistendo
1854 1894 2173 1973 cogitabat,

247 1997 580 2060 omnesque
605 1997 667 2039 se
698 1982 818 2040 iam
849 1980 922 2041 ab
955 1984 1224 2060 equitatu
1254 1984 1676 2042 circumveniri
1706 1978 2176 2041 arbitrabantur.

246 2065 456 2147 Itaque
497 2064 848 2145 priusquam
890 2064 1074 2125 telum
1114 2066 1270 2126 adici
1311 2073 1513 2146 posset
1554 2073 1656 2127 aut
1695 2067 1886 2125 nostri
1929 2064 2179 2145 propius

246 2149 637 2221 accederent,
682 2152 876 2210 omnis
903 2150 1044 2209 Vari
1087 2152 1248 2211 acies
1275 2157 1444 2228 terga
1472 2154 1651 2212 vertit
1678 2168 1862 2231 seque
1890 2151 1954 2210 in
1983 2155 2178 2209 castra

246 2238 499 2315 recepit.

376 2319 612 2381 XXXV.
673 2318 799 2390 Qua
838 2320 902 2379 in
932 2318 1071 2397 fuga
1101 2316 1326 2378 Fabius
1351 2318 1669 2397 Paelignus
1706 2320 1949 2400 quidam
1980 2337 2053 2379 ex
2081 2320 2175 2379 in·
2201 2327 2226 2376 1

247 2404 406 2464 fimis
446 2403 759 2466 ordinibus
797 2404 873 2464 de
913 2405 1183 2464 exercitu
1213 2402 1490 2463 Curionis
1529 2406 1790 2481 primum
1830 2421 2042 2482 agmen
2081 2404 2175 2463 fu-

249 2488 557 2566 gientium·
573 2495 930 2571 consecutus
948 2505 1163 2565 magna
1193 2504 1337 2547 voce
1361 2487 1583 2547 Varum
1605 2490 1843 2549 nomine
1874 2487 2178 2568 appellans

248 2572 628 2652 requirebat,
688 2575 779 2633 uti
819 2591 975 2634 unus
1027 2589 1160 2633 esse
1200 2590 1273 2632 ex
1317 2573 1448 2633 eius
1489 2570 1785 2632 militibus
1833 2579 1893 2632 et
1929 2590 2176 2633 monere

249 2655 474 2735 aliquid
514 2657 663 2718 velle
692 2676 761 2719 ac
791 2658 993 2719 dicere
1024 2656 1353 2718 videretur.
1425 2654 1542 2717 Ubi
1572 2655 1672 2716 ille
1703 2658 1942 2734 saepius
1973 2656 2173 2737 appel,-
2194 2665 2225 2715 2

249 2742 402 2801 latus
452 2744 685 2820 aspexit
734 2760 803 2803 ac
843 2744 1069 2804 restitit
1110 2749 1203 2812 et,
1263 2744 1401 2821 quis
1452 2748 1623 2802 esset.
1650 2747 1753 2801 aut
1791 2740 1935 2819 quid
1978 2742 2177 2823 vellet,

251 2826 572 2904 quaesivit,
623 2826 940 2887 humerum
982 2834 1254 2906 apertum
1282 2825 1482 2904 gladio
1510 2826 1765 2905 appetit,
1815 2824 2175 2905 paulumque

253 2910 430 2979 afuit,
477 2911 624 2988 quin
652 2910 871 2970 Varum
901 2912 1306 2981 interficeret3
1351 2910 1510 2989 quod
1538 2910 1637 2970 ille
1667 2908 2003 2988 per-iculum
2034 2908 2174 2969 sub-

252 2994 368 3055 lato
409 2993 481 3055 ad
526 2996 658 3054 eius
700 3000 976 3054 conatum
1017 3002 1184 3055 scuto
1223 2996 1450 3055 vitavit.
1538 2993 1761 3054 Fabius
1811 3010 1845 3053 a
1885 2994 2177 3070 proximis

252 3076 544 3139 militibus
573 3080 1013 3139 circumventus
1044 3079 1421 3139 interficitur.
1479 3077 1604 3138 Hac
1632 3078 1992 3155 fugientium
2020 3078 2171 3137 mul-
2194 3087 2225 3136 3

253 3163 504 3224 titudine
546 3182 616 3223 ac
646 3161 823 3224 turba
851 3170 1061 3243 portae
1092 3172 1424 3225 castrorum
1454 3169 1821 3242 occupantur
1850 3168 2028 3241 atque
2057 3164 2176 3223 iter

256 3248 611 3327 impeditur,
674 3248 992 3328 pluresque
1039 3249 1103 3309 in
1146 3267 1217 3310 eo
1256 3249 1387 3310 loco
1430 3249 1561 3308 sine
1604 3247 1851 3308 vulnere
1892 3265 2069 3327 quam
2110 3249 2175 3308 in

257 3332 482 3411 proelio
507 3340 610 3394 aut
630 3334 771 3411 fuga
793 3334 1118 3405 intereunt,
1143 3353 1338 3415 neque
1360 3332 1610 3395 multum
1630 3334 1798 3402 afuit,
1824 3334 1970 3411 quin
1994 3336 2173 3394 etiam

257 3418 462 3478 castris
503 3417 974 3497 expellerentur,
1019 3436 1088 3479 ac
1130 3418 1401 3480 nonnulli
1430 3420 1702 3498 protinus
1744 3418 1954 3478 eodem
1992 3436 2173 3482 cursu

259 3501 317 3560 in
346 3500 628 3581 oppidum
659 3504 1113 3565 contenderunt.
1175 3504 1291 3565 Sed
1322 3522 1458 3565 cum
1488 3503 1605 3564 loci
1635 3509 1847 3563 natura
1889 3510 1950 3563 et
1976 3506 2170 3565 muni-
2194 3511 2226 3561 4

260 3586 336 3644 tio
366 3594 697 3649 castrorum
730 3588 954 3650 aditum
982 3588 1404 3668 prohibebant,
1434 3596 1561 3650 tum
1590 3588 1751 3670 quod
1779 3588 1853 3651 ad
1874 3590 2171 3669 proelium
