2750 4255
606 291 694 358 36
1251 298 1349 365 DE
1391 298 1621 356 BELLO
1667 298 1886 356 Cl'VlLI

609 465 788 545 plena
817 464 1043 526 laetitia
1074 472 1136 526 et
1168 465 1561 543 gratulatione
1591 468 1809 536 omnia,
1842 484 2070 536 eorum,
2102 467 2207 546 qui
2236 472 2400 527 tanta
2429 482 2561 544 pe·

609 548 802 610 ricula
830 551 1067 619 vitasse,
1111 555 1172 610 et
1202 567 1428 620 eorum,
1459 550 1563 628 qui
1605 552 1735 611 sine
1765 550 2011 611 vulnere
2040 557 2235 612 tantas
2262 567 2363 610 res
2392 566 2559 609 con·

609 634 827 694 fecisse
867 632 1252 705 videbantur,
1307 651 1707 713 magnumque
1750 635 2011 696 fructum
2052 653 2195 696 suae
2245 635 2560 713 pristinae

608 717 873 778 lenitatis
923 720 1189 779 omnium
1237 718 1464 781 iudicio
1513 717 1733 778 Caesar
1782 717 2043 789 ferebat,
2098 717 2558 797 consiliumque

611 803 743 864 eius
773 820 807 863 a
837 804 1069 864 cunctis
1097 801 1487 881 probabatur.

561 893 588 944 1
736 885 965 947 LXXV.
1025 884 1253 956 Quibus
1281 885 1469 947 rebus
1494 887 1785 948 nuntiatis
1813 886 2093 956 Afranio,
2140 886 2214 946 ab
2254 886 2562 946 instituto

612 988 795 1050 opere
828 970 1081 1032 discedit
1109 989 1294 1049 seque
1323 972 1388 1031 in
1418 978 1611 1032 castra
1633 973 1885 1050 recipit,
1930 973 2017 1032 sic
2046 976 2317 1049 paratus,
2355 976 2421 1030 ut
2451 970 2558 1030 vi-

610 1053 894 1123 debatur,
924 1061 1020 1125 ut,
1050 1056 1412 1135 quicumque
1442 1054 1760 1116 accidisset
1801 1073 2002 1124 casuS,
2049 1053 2207 1113 hunc
2238 1054 2445 1132 quieto
2483 1060 2561 1114 et

557 1146 590 1196 2
612 1156 801 1218 aequo
831 1139 1029 1199 animo
1056 1140 1267 1200 ferret.
1325 1137 1602 1201 Petreius
1631 1157 1771 1200 vero
1802 1156 1920 1199 non
1949 1137 2175 1198 deserit
2208 1155 2361 1198 sese.
2421 1137 2555 1197 Ar-

609 1228 735 1284 mat
769 1222 1085 1285 familiam:
1127 1241 1263 1285 cum
1301 1222 1416 1285 hac
1455 1231 1518 1285 et
1554 1223 1856 1303 praetoria
1885 1221 2128 1281 cohorte
2169 1227 2556 1283 cetratorum

611 1304 1004 1386 barbarisque
1057 1306 1363 1387 equitibus
1414 1310 1651 1386 paucis,
1714 1306 2118 1367 beneficiariis
2165 1307 2321 1375 suis,
2383 1323 2552 1384 quos

611 1408 752 1452 suae
803 1391 1107 1453 custodiae
1159 1409 1337 1454 causa
1393 1391 1617 1453 habere
1677 1396 2023 1461 consuerat,
2082 1391 2408 1468 improviso
2460 1390 2551 1451 ad

610 1475 829 1535 vallum
869 1474 1125 1547 advolat,
1170 1476 1489 1556 conloquia
1526 1475 1786 1539 militum
1825 1475 2242 1553 interrumpit,
2295 1479 2550 1534 nostros

560 1567 592 1618 3
613 1558 849 1639 repellit
877 1578 910 1620 a
931 1563 1164 1632 castris,
1177 1579 1328 1641 quos
1348 1559 1682 1640 deprendit,
1707 1559 2011 1619 interficit.
2054 1557 2293 1637 Reliqui
2317 1563 2548 1619 coeunt

610 1645 772 1704 inter
803 1662 867 1704 se
899 1650 960 1705 et
986 1647 1304 1724 repentino
1332 1644 1603 1724 periculo
1633 1644 1909 1704 exterriti
1949 1643 2223 1703 sinistras
2252 1642 2411 1718 sagis
2438 1643 2544 1702 in-

611 1727 851 1788 volvunt
888 1728 1233 1809 gladiosque
1274 1730 1678 1806 destringunt,
1732 1732 1910 1806 atque
1960 1727 2040 1785 ita
2093 1743 2156 1786 se
2202 1742 2237 1784 a
2287 1727 2544 1788 cetratis

613 1811 1032 1893 equitibusque
1076 1813 1403 1874 defendunt
1453 1819 1786 1873 castrorum
1833 1810 2282 1892 propinquitate
2324 1810 2540 1870 confisi

611 1913 795 1976 seque
823 1899 888 1958 in
916 1904 1111 1959 castra
1139 1899 1441 1976 recipiunt
1470 1902 1530 1955 et
1558 1894 1632 1956 ab
1667 1897 1745 1955 iis
1773 1891 2142 1964 cohortibuS,
2175 1911 2326 1972 quae
2358 1901 2539 1955 erant

610 1982 676 2041 in
705 1983 960 2042 statione
990 1981 1065 2043 ad
1093 1989 1316 2060 portas,
1349 1979 1768 2041 defenduntur.

560 2072 590 2121 1
782 2064 1039 2127 LXXVI.
1097 2063 1328 2137 Quibus
1354 2062 1539 2124 rebus
1563 2063 1849 2124 consectis
1868 2061 2021 2123 flens
2039 2062 2314 2123 Petreius
2342 2062 2532 2123 mani·

610 2150 784 2229 pulos
814 2152 1093 2211 circumit
1113 2151 1457 2229 militesque
1489 2147 1764 2228 appellat,
1795 2166 1913 2208 neu
1942 2166 2007 2208 se
2036 2166 2156 2208 neu
2183 2148 2532 2226 Pompeium

611 2236 1037 2315 imperatorem
1067 2252 1240 2295 suum
1264 2233 1622 2294 adversariis
1650 2232 1724 2294 ad
1753 2231 2114 2312 supplicium
2138 2232 2391 2301 tradant,
2424 2230 2528 2292 ob-

559 2327 592 2377 2
616 2327 832 2381 secrat.
891 2319 992 2380 Fit
1019 2318 1296 2378 celeriter
1326 2335 1653 2378 concursus
1680 2318 1746 2377 in
1786 2318 2175 2396 praetorium.
2244 2315 2528 2383 Postulat,

611 2410 681 2465 ut
716 2406 919 2465 iurent
956 2419 1187 2473 omnes,
1232 2419 1296 2463 se
1338 2404 1668 2462 exercitum
1697 2401 1997 2480 ducesque
2027 2418 2147 2461 non
2188 2400 2532 2461 deserturos

611 2506 806 2569 neque
833 2486 1208 2567 prodituros,
1249 2504 1445 2566 neque
1475 2485 1593 2547 sibi
1632 2488 1954 2565 separatim
1985 2503 2018 2545 a
2046 2485 2304 2565 reliquis
2332 2484 2529 2544 consi-

561 2572 763 2635 alium
793 2577 1090 2650 capturos.
1148 2569 1441 2649 Princeps
1468 2572 1532 2630 in
1574 2570 1721 2630 haec
1750 2568 1932 2631 verba
1970 2571 2133 2630 iurat
2171 2570 2331 2647 ipse3
2372 2567 2533 2629 idem

610 2654 1020 2717 iusiurandum
1050 2653 1237 2732 adigit
1264 2655 1603 2724 Afranium;
1640 2654 2087 2734 subsequuntur
2114 2652 2344 2714 tribuni
2373 2651 2534 2712 mili·

611 2748 739 2801 tum
779 2738 1312 2819 centurionesque3
1368 2740 1751 2800 centuriatim
1794 2738 2070 2818 producti
2110 2737 2333 2797 milites
2370 2735 2532 2796 idem

557 2834 593 2883 4
611 2824 826 2884 iurant.
888 2820 1178 2894 Edicunt,
1220 2841 1407 2903 penes
1436 2841 1611 2905 quem
1643 2815 1896 2903 quisque
1927 2823 2010 2883 sit
2038 2822 2309 2883 Caesaris
2339 2819 2526 2889 miles,

612 2915 679 2969 ut
707 2907 1102 2986 producatur:
1142 2908 1467 2988 productos
1493 2907 1689 2988 palam
1717 2909 1783 2968 ln
1810 2906 2114 2986 praetorio
2143 2905 2526 2967 interficiunt.

613 2990 734 3052 Sed
774 2990 1090 3071 plerosque
1133 2994 1207 3064 ii,
1261 2995 1366 3072 qui
1405 2997 1792 3072 receperant,
1847 2990 2042 3051 celant
2080 2997 2378 3069 noctuque
2423 3006 2528 3067 per

560 3084 593 3134 5
615 3074 829 3136 vallum
859 3078 1154 3138 emittunt.
1227 3076 1328 3139 Sic
1369 3086 1600 3138 terrore
1631 3075 1828 3136 oblato
1860 3093 1893 3135 a
1921 3074 2178 3136 ducibus
2209 3072 2528 3135 crudelitas

609 3161 670 3221 in
715 3159 1036 3240 supplicio,
1088 3179 1239 3224 nova
1278 3162 1494 3239 religio
1542 3160 1933 3221 iurisiurandi
1984 3178 2153 3239 spem
2191 3158 2527 3238 praesentis

611 3244 935 3307 deditionis
965 3247 1206 3308 sustulit
1231 3252 1582 3325 mentesque
1605 3244 1863 3306 militum
1884 3244 2180 3305 convertit
2209 3248 2270 3304 et
2297 3259 2427 3302 rem
2456 3240 2526 3301 ad

609 3330 925 3409 pristinam
958 3328 1100 3392 belli
1130 3331 1425 3392 rationem
1452 3329 1707 3407 redegit.

561 3421 590 3471 1
735 3414 1019 3477 LXXVII.
1079 3415 1314 3485 Caesar,
1347 3415 1452 3494 qui
1482 3413 1702 3476 milites
1732 3413 2204 3475 adversariorum
2241 3412 2304 3473 in
2335 3416 2523 3472 castra

609 3515 720 3579 per
750 3506 984 3579 tempus
1014 3500 1293 3580 colloquii
1323 3505 1630 3574 venerant,
1662 3517 1892 3560 summa
1916 3498 2222 3575 diligentia
2254 3496 2522 3575 conquiri

554 3592 586 3641 ²
608 3591 668 3645 et
707 3585 931 3646 remitti
979 3584 1167 3649 iubet.
1258 3582 1379 3644 Sed
1430 3601 1504 3643 ex
1547 3599 1796 3644 numero
1848 3581 2226 3645 tribunorum
2270 3580 2521 3643 militum
