2750 4255
620 279 745 343 110
1257 284 1356 341 DE
1398 284 1630 342 BELLO
1674 282 1892 342 CIVILI

564 460 601 508 4
621 451 776 526 rent,
811 467 1001 529 quam
1029 468 1073 512 a
1093 447 1274 513 nobis
1302 449 1490 513 telum
1517 449 1590 513 in
1618 448 1849 513 hostem
1876 449 2201 513 iaceretur.
2265 446 2377 513 Ita
2407 448 2553 513 sine

606 532 891 614 periculo
922 532 1233 613 leyionum
1260 537 1319 597 et
1335 553 1543 614 paene
1568 534 1705 597 sine
1722 533 1977 597 vulnere
2006 533 2231 597 bellum
2260 534 2550 615 conficie-

620 635 778 680 mus.
838 614 928 680 Id
953 620 1162 680 autem
1191 617 1454 698 defficile
1481 637 1611 681 non
1638 620 1753 694 est,
1797 636 1939 680 cum
1980 621 2229 682 tantum
2258 618 2552 698 equitatu

566 712 599 760 5
619 701 956 765 valeamus
1020 703 1207 764 Simul
1239 704 1640 772 denuntiavit,
1684 711 1752 764 ut
1780 710 1981 763 essent
2020 706 2219 763 animo
2247 706 2451 782 parati
2481 706 2544 764 in

619 795 925 867 posterum
957 795 1035 855 et,
1067 789 1343 867 quoniam
1372 789 1547 849 fieret
1574 788 1896 849 dimicandi
1925 793 2217 866 potestas,
2264 795 2331 848 ut
2359 805 2543 866 saepe

619 873 1068 948 cogitavissent,
1128 889 1205 932 ne
1255 890 1369 933 usu
1418 890 1714 951 manuque
1761 871 2129 951 reliquorum
2189 873 2548 950 opinionem

490 998 493 1007 ι
620 957 914 1017 fallerent.

569 1050 597 1100 ι
746 1038 1081 1099 LXXXVII.
1150 1039 1321 1100 Hunc
1349 1039 1653 1101 Labienus
1690 1041 1924 1120 excepit
1963 1047 2050 1107 et,
2098 1057 2232 1099 cum
2265 1041 2545 1101 Caesaris

621 1126 822 1202 copias
851 1123 1202 1203 despiceret,
1233 1124 1479 1204 Pompei
1509 1124 1824 1184 consilium
1855 1125 2102 1184 summis
2141 1123 2422 1184 laudibus
2453 1126 2544 1184 ef·

616 1208 823 1276 ferret,
855 1202 1028 1283 Noli,
1062 1210 1275 1287 inquit,
1307 1205 1683 1283 existimare,
1713 1202 1994 1286 Pompei,
2023 1204 2189 1268 hunc
2209 1224 2336 1268 esse
2365 1225 2540 1269 exer-

564 1302 596 1351 2
619 1289 826 1366 citum,
858 1290 970 1369 qui
999 1287 1284 1353 Galliam
1309 1287 1846 1369 Germaniamque
1876 1289 2179 1352 devicerit.
2230 1287 2544 1353 Omnibus

614 1373 880 1453 interfui
897 1374 1176 1455 proeliis,
1207 1392 1405 1453 neque
1432 1377 1651 1438 temere
1677 1374 2064 1454 incoynitam
2089 1392 2223 1436 rem
2237 1393 2536 1454 pronun-

615 1459 720 1522 tio.
793 1455 1149 1538 Perexiyua
1174 1476 1340 1538 pars
1380 1457 1553 1521 illius
1596 1458 1896 1521 exereitus
1933 1460 2243 1538 superest;
2295 1477 2540 1539 mayna

603 1560 769 1623 pars
808 1542 1096 1621 deperiit,
1148 1542 1314 1621 quod
1354 1542 1630 1604 accidere
1678 1544 1766 1603 tot
1801 1541 2066 1622 proeliis
2109 1540 2239 1620 fuit
2275 1560 2536 1612 necesse,

615 1625 842 1687 multos
870 1625 1164 1687 autumni
1182 1625 1542 1706 pestilentia
1582 1626 1656 1688 in
1684 1622 1889 1688 Italia
1918 1625 2313 1722 consumpsit,
2346 1626 2534 1689 multi

615 1707 867 1771 domum
915 1707 1346 1786 discesserunt,
1398 1709 1584 1772 multi
1622 1713 1771 1773 sunt
1813 1709 2013 1772 relicti
2061 1709 2135 1772 in
2175 1709 2534 1773 continenti.

560 1804 594 1852 3
616 1790 729 1855 An
755 1811 885 1855 non
914 1792 1181 1856 audistis
1207 1811 1284 1856 ecc
1309 1793 1411 1870 iis,
1455 1793 1567 1874 qui
1593 1813 1715 1874 per
1743 1811 2002 1856 causam
2030 1793 2408 1856 valetudinis
2435 1814 2533 1857 re·

561 1888 597 1936 4
619 1880 1009 1954 manserunt,
1042 1876 1311 1941 cohortes
1338 1896 1464 1941 esse
1489 1876 1809 1942 Brundisi
1830 1875 2083 1956 factas?
2121 1875 2273 1951 Hae
2300 1878 2531 1957 copiae,

614 1980 775 2042 Quas
800 1961 1036 2038 videtiS,
1069 1980 1144 2025 ex
1172 1961 1496 2025 delectibus
1534 1961 1759 2025 horum
1788 1980 2104 2024 annorum
2144 1961 2219 2023 in
2250 1961 2535 2025 citeriore

616 2044 838 2110 Gallia
864 2049 1016 2109 sunt
1040 2043 1318 2124 refectae,
1343 2049 1401 2109 et
1418 2045 1704 2126 plerique
1728 2049 1878 2109 sunt
1902 2063 1979 2108 ecc
2005 2044 2262 2109 coloniis
2288 2044 2531 2109 Trans·

601 2130 904 2213 padanis.
963 2126 1063 2194 Ac
1092 2134 1317 2207 tamen,
1360 2131 1528 2210 quod
1565 2129 1696 2210 fuit
1724 2130 1983 2207 roboriS,
2016 2130 2254 2194 duobus
2269 2130 2532 2212 proeliis

558 2227 591 2277 ὅ
612 2213 1106 2317 Dyrrhachinis
1120 2178 1378 2277 interiit.
1451 2216 1613 2277 Haec
1655 2236 1787 2278 cum
1830 2217 2108 2287 dixisset,
2159 2219 2405 2287 iuravit,
2463 2236 2528 2277 se

614 2304 732 2362 nisi
772 2303 1059 2361 victorem
1089 2302 1152 2359 in
1184 2307 1375 2360 castra
1406 2319 1525 2361 non
1554 2319 1964 2370 reversurum,
2010 2300 2417 2381 reliquosque,
2462 2309 2531 2361 ut
2672 2325 2674 2404 4

558 2395 591 2444 6
614 2385 770 2445 idem
800 2385 1085 2453 facerent,
1115 2383 1387 2444 hortatus
1415 2391 1521 2446 est.
1591 2385 1716 2445 Hoc
1744 2384 1992 2445 laudans
2018 2385 2336 2464 Pompeius
2364 2386 2528 2446 idem

611 2470 861 2538 iuravit;
903 2486 1014 2528 nee
1045 2486 1186 2528 vero
1226 2485 1299 2528 ex
1341 2470 1592 2548 reliquis
1631 2470 1745 2529 suit
1783 2471 2129 2549 quisquam,
2177 2471 2279 2548 qui
2320 2471 2526 2530 iurare

559 2561 590 2610 ’1
615 2551 941 2612 dubitaret.
1021 2552 1181 2612 Haec
1210 2570 1346 2614 cum
1389 2555 1542 2614 facta
1574 2561 1713 2613 sunt
1754 2555 1819 2614 in
1860 2553 2126 2622 consili0,
2169 2570 2379 2630 magna
2419 2571 2526 2632 spe

613 2644 673 2697 et
699 2636 926 2697 laetitia
948 2638 1213 2697 omnium
1236 2638 1563 2698 discessum
1590 2644 1711 2708 est;
1744 2655 1811 2698 ae
1841 2640 1959 2698 iam
1989 2639 2187 2697 animo
2216 2639 2526 2699 victoriam

608 2719 1078 2801 praecipiebant,
1112 2722 1266 2799 quod
1299 2722 1372 2782 de
1405 2740 1471 2782 re
1502 2728 1665 2782 tanta
1695 2730 1756 2782 et
1794 2740 1827 2782 a
1867 2728 1988 2781 tam
2029 2723 2227 2800 perito
2265 2723 2524 2800 impera-

608 2813 739 2866 tore
771 2805 920 2866 nihil
949 2806 1174 2867 srustra
1203 2807 1545 2867 confirmari
1577 2804 1913 2866 videbatur.

557 2898 585 2948 1
732 2888 1098 2952 LXXXVIII.
1179 2889 1424 2959 Caesar,
1478 2908 1615 2951 cum
1652 2890 1897 2968 Pompei
1949 2891 2165 2950 castris
2203 2890 2522 2969 adpropin-

607 2981 874 3053 quasset,
920 2974 993 3034 ad
1024 2975 1185 3034 hunc
1212 2975 1454 3039 modum
1484 2977 1673 3035 aciem
1704 2976 1836 3034 eius
1875 2976 2227 3035 instructam
2257 2974 2522 3035 animad-

552 3066 586 3116 2
611 3060 809 3120 vertit.
882 3058 1068 3119 Erant
1106 3061 1168 3118 in
1213 3060 1457 3119 sinistro
1487 3076 1673 3119 cornu
1718 3057 1985 3136 legiones
2015 3058 2166 3119 duae
2204 3058 2457 3118 traditae
2491 3076 2523 3118 a

606 3143 865 3204 Caesare
919 3144 1095 3203 initio
1137 3141 1529 3203 dissensionis
1570 3161 1643 3203 ex
1685 3142 2227 3214 senatusconsulto;
2270 3159 2525 3222 quarum

602 3245 721 3289 una
761 3229 985 3306 prima,
1027 3225 1213 3286 altera
1255 3229 1434 3287 tertia
1477 3225 1903 3307 appellabatur.
1984 3226 2051 3287 In
2092 3244 2164 3286 eo
2212 3227 2343 3287 loco
2393 3228 2521 3305 ipse

551 3319 739 3373 Berat
789 3310 1129 3389 PompeiuS.
1209 3309 1462 3371 Mediam
1515 3314 1703 3372 aciem
1747 3310 1950 3391 Scipio
2001 3329 2136 3371 cum
2187 3308 2523 3388 legionibus

606 3396 868 3475 Syriacis
894 3392 1161 3455 tenebat.
1223 3394 1560 3456 Ciliciensis
1589 3394 1745 3473 legio
1787 3397 2103 3455 coniuncta
2145 3413 2281 3456 cum
2312 3394 2520 3454 cohor-

603 3479 767 3540 tibus
802 3478 1116 3556 HispaniS,
1160 3497 1306 3558 quas
1334 3479 1637 3542 traductas
1677 3477 1750 3539 ab
1792 3479 2035 3540 Afranio
2078 3479 2414 3546 docuimuS,
2457 3480 2521 3539 in

548 3573 583 3621 4
607 3563 816 3623 dextro
846 3579 1032 3623 cornu
1065 3569 1237 3623 erant
1266 3563 1600 3624 collocatae.
1652 3563 1773 3624 Has
1801 3564 2173 3624 firmissimas
2202 3581 2266 3623 se
2295 3561 2519 3623 babere
