2750 4255
558 342 641 407 10
1197 345 1293 401 DE
1337 344 1568 402 BELLO
1614 343 1832 401 CIVILI

509 522 535 572 ι
686 513 862 576 XVII.
922 513 1009 575 Re
1032 514 1269 590 cognita
1296 511 1593 581 Domitius
1621 511 1696 572 ad
1725 510 2075 590 Pompeium
2105 511 2171 571 in
2202 509 2488 589 Apuliam

553 600 782 678 peritos
822 599 1135 676 regionum
1175 614 1389 675 magno
1430 598 1734 675 proposito
1773 597 2041 675 praemio
2083 612 2217 656 cum
2255 595 2486 655 litteris

555 685 772 752 mittit,
804 685 909 762 qui
938 688 1144 762 petant
1170 687 1347 760 atque
1380 687 1581 750 orent,
1614 685 1684 740 ut
1711 678 1830 741 sibi
1861 678 2200 739 subveniat:
2263 677 2482 740 Caesa-

556 785 687 827 rem
717 766 949 827 duobus
979 765 1341 826 exercitibus
1371 772 1431 825 et
1462 765 1725 824 locorum
1760 765 2053 841 angustiis
2079 763 2255 825 facile
2284 764 2481 824 inter-

503 860 534 909 2
559 851 718 912 cludi
746 868 920 930 posse
949 851 1368 928 frumentoque
1399 847 1731 928 prohiberi.
1792 846 1961 917 Quod
1995 848 2114 908 nisi
2141 848 2375 915 fecerit,
2409 865 2479 908 se

555 934 948 1014 cohortesque
990 934 1244 1013 amplius
1272 946 1424 993 xxx
1452 949 1850 1010 magnumque
1891 949 2205 992 numerum
2238 937 2477 992 senato·

552 1036 687 1079 rum
729 1026 905 1098 atque
949 1020 1213 1098 equitum
1250 1016 1653 1079 Romanorum
1691 1019 1756 1076 in
1797 1015 2129 1096 periculum
2170 1033 2301 1076 esse
2332 1033 2478 1075 ven-

500 1111 535 1159 a
560 1110 778 1164 turum.
838 1102 1084 1164 Interim
1113 1120 1253 1162 suos
1275 1101 1617 1162 cohortatus
1644 1107 1939 1161 tormenta
1968 1101 2032 1160 in
2054 1102 2248 1160 muris
2275 1099 2479 1179 dispo-

555 1188 647 1247 nit
674 1194 986 1266 certasque
1021 1188 1236 1265 cuique
1266 1193 1470 1265 partes
1501 1185 1573 1246 ad
1612 1184 1942 1245 custodiam
1971 1183 2141 1244 urbis
2170 1183 2479 1255 attribuit;

497 1278 537 1328 4
558 1270 855 1332 militibus
892 1273 957 1332 in
1000 1273 1277 1333 contione
1317 1287 1492 1348 agros
1523 1287 1595 1330 ex
1626 1271 1752 1330 suis
1789 1267 2269 1348 possessionibus
2306 1267 2479 1347 polli-

555 1362 753 1424 cetur,
786 1362 1077 1434 quaterna
1104 1357 1168 1417 in
1198 1354 1468 1432 singulos
1497 1355 1705 1430 iugera
1737 1359 1797 1414 et
1834 1370 1946 1433 pro
1975 1359 2105 1413 rata
2136 1359 2304 1430 parte
2334 1369 2480 1412 cen-

557 1438 896 1500 turionibus
925 1441 1320 1517 evocatisque.

505 1529 535 1578 1
685 1522 891 1583 XVIII.
935 1522 1183 1583 Interim
1213 1522 1455 1583 Caesari
1486 1524 1815 1592 nuntiatur,
1848 1521 2285 1592 Sulmonenses,
2318 1520 2480 1599 quod

560 1606 843 1685 oppidum
885 1626 917 1667 a
959 1606 1217 1668 Corfinio
1244 1619 1347 1666 vn
1386 1607 1621 1672 milium
1659 1605 1969 1666 intervallo
2013 1605 2210 1674 abest,
2254 1621 2478 1683 cupere

556 1708 635 1750 ea
654 1691 887 1760 facere,
931 1708 1081 1770 quae
1112 1689 1318 1761 vellet,
1362 1691 1469 1751 sed
1500 1709 1533 1750 a
1563 1688 1632 1759 Q.
1662 1690 1943 1751 Lucretio
1977 1697 2251 1750 senatore
2283 1694 2344 1748 et
2372 1688 2477 1749 At-

556 1775 640 1834 tio
680 1773 961 1851 Paeligno
1002 1772 1346 1853 prohiberi,
1407 1777 1511 1854 qui
1563 1774 1627 1834 id
1676 1774 1963 1853 oppidum
2000 1786 2102 1834 vn
2143 1773 2478 1833 cohortium

501 1866 536 1916 2
559 1858 859 1937 praesidio
888 1857 1192 1919 tenebant.
1262 1858 1446 1918 Mittit
1485 1876 1555 1918 eo
1594 1858 1673 1919 Μ.
1699 1859 2015 1919 Antonium
2047 1874 2182 1917 cum
2222 1857 2479 1934 legionis

555 1956 707 2003 xm.
741 1942 1089 2004 cohortibus
1116 1955 1183 2003 v.
1245 1942 1697 2013 Sulmonenses,
1740 1942 1918 2003 simul
1960 1948 2136 2022 atque
2169 1943 2338 2019 signa
2369 1959 2475 2001 no-

557 2034 680 2088 stra
709 2027 1008 2096 viderunt,
1041 2033 1244 2106 portas
1275 2035 1640 2103 aperuerunt
1666 2028 2071 2105 universique,
2104 2033 2165 2086 et
2193 2025 2477 2104 oppidani

501 2118 536 2169 8
559 2119 619 2172 et
645 2111 897 2182 militeS,
943 2111 1180 2173 obviam
1209 2110 1574 2189 gratulantes
1601 2111 1858 2173 Antonio
1888 2112 2184 2171 exierunt.
2252 2110 2476 2170 Lucre-

557 2198 676 2257 tius
707 2203 768 2257 et
795 2198 991 2256 Attius
1021 2196 1094 2256 de
1123 2214 1295 2256 muro
1325 2214 1392 2256 se
1411 2196 1777 2256 deiecerunt.
1838 2196 2033 2257 Attius
2061 2194 2133 2255 ad
2155 2194 2480 2254 Antonium

559 2279 849 2340 deductus
876 2281 1049 2358 petit,
1079 2287 1147 2340 ut
1174 2279 1248 2339 ad
1270 2279 1583 2341 Caesarem
1604 2283 1963 2340 mitteretur.
2021 2279 2311 2339 Antonius
2342 2295 2480 2338 cum

559 2362 903 2423 cohortibus
933 2369 996 2424 et
1023 2364 1183 2425 Attio
1213 2364 1421 2424 eodem
1453 2365 1579 2435 die,
1613 2382 1731 2444 quo
1761 2365 2063 2443 profectus
2087 2369 2245 2432 erat,
2277 2379 2477 2422 rever-

499 2455 537 2505 4
559 2449 726 2507 titur.
812 2446 1026 2509 Caesar
1067 2466 1166 2508 eas
1208 2447 1482 2509 cohortes
1532 2466 1665 2508 cum
1708 2449 1976 2509 exercitu
2017 2465 2125 2507 suo
2170 2447 2482 2506 coniunxit

559 2532 903 2610 Attiumque
962 2531 1320 2592 incolumem
1381 2532 1626 2593 dimisit.
1728 2530 1944 2592 Caesar
2001 2532 2211 2610 primis
2266 2529 2479 2591 diebus

559 2621 752 2675 castra
783 2618 1013 2693 magnis
1042 2616 1327 2695 operibus
1354 2618 1587 2677 munire
1619 2623 1681 2677 et
1714 2634 1787 2676 ex
1816 2616 2105 2675 finitumis
2132 2616 2479 2692 municipiis

556 2700 923 2760 frumentum
962 2706 1333 2779 comportare
1374 2701 1755 2779 reliquasque
1795 2701 1996 2778 copias
2029 2706 2342 2778 expectare
2386 2700 2477 2757 in·

502 2792 538 2843 5
560 2784 772 2844 stituit.
846 2782 932 2844 Eo
972 2785 1172 2846 triduo
1215 2785 1372 2862 legio
1403 2798 1552 2844 vm.
1597 2784 1672 2845 ad
1713 2800 1849 2843 eum
1879 2785 2042 2843 venit
2083 2782 2477 2861 cohortesque

559 2886 633 2928 ex
674 2869 844 2928 novis
874 2868 1097 2930 Galliae
1143 2866 1473 2929 delectibus
1501 2881 1656 2928 xxn
1700 2869 2050 2947 equitesque
2082 2867 2156 2929 ab
2187 2885 2329 2945 rege
2360 2864 2476 2926 No-

557 2954 685 3012 rico
725 2953 972 3014 circiter
1000 2964 1147 3013 000.
1216 2950 1482 3021 Quorum
1521 2952 1775 3012 adventu
1818 2951 2004 3013 altera
2045 2959 2238 3013 castra
2280 2950 2353 3011 ad
2396 2951 2477 3010 al-

555 3044 746 3097 teram
760 3037 963 3115 oppidi
986 3044 1218 3115 partem
1241 3038 1440 3115 ponit:
1472 3036 1568 3097 his
1589 3036 1798 3097 castris
1823 3036 2140 3098 Curionem
2164 3034 2476 3115 praefecit.

502 3130 538 3179 o
559 3117 826 3198 Reliquis
871 3119 1085 3181 diebus
1124 3120 1411 3199 oppidum
1441 3119 1588 3180 vallo
1631 3120 2008 3199 castellisque
2043 3120 2478 3181 circumvenire

558 3206 841 3264 instituit.
914 3204 1094 3266 Cuius
1125 3205 1327 3282 operis
1355 3206 1610 3265 maxima
1651 3212 1820 3284 parte
1854 3206 2081 3275 effecta,
2114 3204 2322 3265 eodem
2352 3204 2478 3263 fere

558 3295 828 3367 tempore
858 3289 1028 3348 missi
1059 3306 1093 3347 a
1122 3287 1408 3366 Pompeio
1438 3295 1843 3360 revertuntur.

508 3380 536 3430 ι
686 3371 921 3432 XVIIII.
1001 3372 1248 3432 Litteris
1305 3371 1591 3449 perlectis
1640 3372 1934 3434 Domitius
1984 3371 2361 3434 dissimulans
2417 3371 2479 3432 in

558 3454 812 3516 coneilio
862 3456 1248 3534 pronunciat,
1303 3453 1651 3535 Pompeium
1704 3457 1989 3518 celeriter
2030 3456 2296 3517 subsidio
2339 3472 2476 3515 ven-

556 3544 778 3608 turum,
810 3538 1200 3618 hortaturque
1234 3556 1354 3609 eoS,
1389 3558 1465 3599 ne
1499 3542 1694 3600 animo
1719 3540 2013 3611 deficiant,
2045 3557 2315 3620 quaeque
2343 3541 2477 3600 usui

505 3635 538 3682 *Δ
564 3624 639 3685 ad
668 3622 1106 3684 defendendum
1138 3624 1423 3705 oppidum
1444 3624 1597 3697 sint,
1639 3631 1873 3705 parent.
1934 3624 2064 3706 Ipse
2097 3641 2314 3686 arcano
2345 3640 2477 3685 cum
