2750 4255
607 280 728 346 102
1271 284 1369 341 DE
1410 285 1640 341 BELLO
1685 284 1804 341 clv
1806 284 1904 340 1L1

602 453 973 533 petravisset,
1015 458 1081 512 ut
1121 449 1241 512 sibi
1281 454 1545 530 captivos
1573 450 1731 512 tradi
1759 449 2017 520 iuberet,
2061 467 2271 511 omnes
2301 450 2527 529 produ·

604 543 732 597 ctos
759 537 1194 605 ostentationis,
1221 542 1286 595 ut
1305 534 1637 604 videbatur,
1661 552 1853 603 causa,
1874 552 1995 614 quo
2015 536 2207 594 maior
2235 535 2529 613 perfugae

602 620 751 683 fides
777 619 1119 689 baberetur,
1162 619 1600 681 commilitones
1639 617 1943 698 appellans
1972 625 2034 679 et
2071 635 2285 695 magna
2314 618 2528 679 verbo-

603 723 740 766 rum
768 703 1123 766 contumelia
1159 705 1568 781 interrogans,
1610 703 1950 763 solerentne
1991 703 2262 763 veterani
2299 701 2530 763 milites

604 791 831 867 fugere,
863 790 928 849 in
957 790 1222 848 omnium
1252 795 1574 866 conspectu
1613 788 1936 847 interfecit.

554 881 582 931 1
733 872 969 937 LXXII.
1026 871 1136 933 His
1174 870 1357 932 rebus
1398 879 1626 932 tantum
1665 870 1918 932 fiduciae
1961 888 2030 931 ac
2068 872 2319 950 spiritus
2347 869 2529 931 Pom-

604 958 835 1037 peianis
864 957 1141 1024 accessit,
1187 962 1254 1015 ut
1294 973 1413 1016 non
1444 955 1518 1017 de
1548 957 1780 1016 ratione
1825 954 1965 1015 belli
2006 957 2371 1032 cogitarent,
2416 955 2529 1015 sed

551 1050 581 1099 2
606 1043 819 1101 vicisse
857 1042 979 1101 iam
1023 1039 1391 1101 viderentur.
1467 1039 1598 1100 Non
1638 1040 1731 1100 illi
1782 1040 2141 1118 paucitatem
2181 1045 2529 1100 nostrorum

603 1125 890 1194 militum,
934 1142 1055 1184 non
1094 1125 1473 1203 iniquitatem
1511 1124 1630 1184 loci
1660 1130 1837 1203 atque
1866 1125 2170 1200 angustias
2198 1139 2526 1201 praeoccu-

603 1211 765 1289 patis
792 1209 1005 1269 castris
1035 1216 1096 1268 et
1124 1209 1446 1286 ancipitem
1487 1214 1782 1268 terrorem
1822 1209 1981 1267 intra
2011 1213 2295 1286 extraque
2324 1209 2525 1267 muni-

602 1296 817 1363 tiones,
841 1311 962 1353 non
984 1291 1285 1353 abscisum
1318 1294 1383 1352 in
1402 1292 1546 1353 duas
1575 1297 1775 1371 partes
1795 1292 2143 1360 exercitum,
2169 1307 2304 1350 cum
2335 1291 2525 1351 altera

604 1378 778 1439 alteri
808 1377 1096 1437 auxilium
1124 1378 1286 1437 ferre
1314 1394 1435 1436 non
1464 1383 1684 1455 posset,
1710 1393 1922 1435 causae
1953 1375 2138 1435 fuisse
2156 1374 2519 1451 cogitabant.

549 1470 581 1520 8
606 1461 736 1523 Non
766 1461 839 1523 ad
869 1461 1017 1521 haec
1047 1458 1360 1529 addebant,
1396 1477 1514 1520 non
1547 1457 1682 1540 [ex]
1713 1477 2006 1520 concursu
2036 1460 2162 1519 acri
2192 1459 2369 1526 facto,
2400 1476 2523 1519 nou

603 1545 831 1625 proelio
872 1545 1248 1612 dimicatum,
1294 1542 1529 1623 sibique
1568 1546 1731 1622 ipsos
1771 1543 2154 1604 multitudine
2197 1550 2374 1621 atque
2418 1561 2522 1602 an-

602 1631 818 1707 gustiis
845 1630 1039 1688 maius
1068 1627 1337 1688 attulisse
1366 1627 1814 1698 detrimentum,
1838 1645 2015 1707 quam
2046 1627 2119 1708 ab
2150 1627 2319 1686 hoste
2351 1644 2518 1687 acce·

552 1721 586 1771 4
606 1715 859 1792 pissent.
919 1711 1051 1773 Non
1079 1711 1337 1790 denique
1367 1713 1702 1772 communis
1744 1710 1886 1772 belli
1918 1729 2093 1772 casus
2121 1710 2520 1771 recordaban-

601 1805 735 1869 tur,
789 1814 967 1876 quam
1006 1795 1285 1875 parvulae
1326 1814 1505 1876 saepe
1549 1814 1762 1856 causae
1804 1793 1897 1856 vel
1936 1795 2117 1855 salsae
2159 1796 2521 1874 suspicionis

603 1881 693 1942 vel
724 1882 975 1942 terroris
1001 1882 1303 1960 repentini
1334 1880 1428 1940 vel
1459 1879 1729 1942 obiectae
1760 1880 2067 1957 religionis
2095 1879 2521 1956 magnadetri·

602 1974 802 2026 menta
841 1964 1212 2033 intulissent,
1257 1967 1535 2043 quotiens
1566 1964 1657 2025 vel
1689 1965 1857 2025 ducis
1896 1965 2040 2024 vitio
2082 1963 2173 2023 vel
2204 1963 2377 2042 culpa
2411 1965 2519 2023 tri·

602 2049 751 2111 buni
780 2051 844 2110 in
876 2051 1144 2109 exercitu
1174 2056 1332 2108 esset
1362 2048 1685 2119 offensum3
1728 2048 1863 2119 sed,
1904 2047 2156 2126 proinde
2197 2064 2266 2107 ac
2301 2049 2356 2107 si
2399 2048 2520 2106 vir·

601 2142 727 2195 tute
758 2135 1045 2196 vicissent
1086 2151 1282 2213 neque
1310 2133 1430 2194 ulla
1475 2135 1859 2195 commutatio
1898 2149 2103 2192 rerum
2134 2139 2338 2210 posset
2366 2133 2522 2193 acci·

603 2220 765 2288 dere,
796 2236 908 2297 per
935 2216 1146 2278 orbem
1172 2224 1470 2278 terrarum
1500 2219 1656 2279 fama
1687 2236 1756 2278 ac
1798 2217 2017 2278 litteris
2046 2218 2358 2276 victoriam
2389 2217 2522 2276 eius

603 2303 728 2365 diei
758 2300 1278 2362 concelebrabunt.

552 2396 580 2446 ι
726 2384 989 2445 LXXIII.
1078 2385 1295 2446 Caesar
1345 2403 1380 2445 a
1439 2385 1854 2466 superioribus
1910 2384 2182 2446 consiliis
2239 2383 2520 2463 depulsus

602 2487 840 2530 omnem
888 2467 1006 2529 sibi
1058 2470 1536 2531 commutandam
1594 2470 1737 2532 belli
1790 2471 2083 2530 rationem
2136 2469 2517 2529 existimavit.

547 2554 804 2633 2Itaque
836 2570 955 2613 uno
985 2558 1250 2632 tempore
1279 2555 1601 2633 praesidiis
1629 2553 1909 2614 omnibus
1938 2553 2211 2614 deductis
2240 2558 2301 2612 et
2330 2570 2518 2632 oppu-

558 2688 565 2694 .
600 2639 882 2716 gnatione
914 2637 1158 2698 dimissa
1190 2646 1512 2717 coactoque
1542 2639 1604 2698 in
1635 2656 1819 2699 unum
1853 2636 2049 2698 locum
2080 2637 2348 2697 exercitu
2377 2654 2518 2697 con-

601 2724 825 2782 tionem
867 2721 1023 2800 apud
1062 2723 1286 2782 milites
1325 2721 1541 2782 habuit
1579 2721 1967 2801 hortatusque
1997 2729 2107 2792 est,
2139 2739 2214 2781 ne
2245 2738 2335 2789 ea,
2366 2738 2520 2799 quae

601 2807 985 2876 accidissent,
1028 2809 1293 2884 graviter
1319 2807 1578 2875 ferrent,
1622 2824 1771 2868 neve
1810 2806 1905 2866 his
1933 2804 2118 2866 rebus
2148 2810 2522 2865 terrerentur

599 2891 918 2970 multisque
949 2891 1227 2951 secundis
1255 2890 1505 2969 proeliis
1538 2908 1724 2951 unum
1757 2890 2070 2950 adversum
2112 2894 2172 2948 et
2197 2888 2261 2950 id
2292 2888 2518 2948 medio-

543 2983 575 3033 8
599 2993 700 3036 cre
729 2982 1120 3055 opponerent.
1193 2973 1540 3035 Habendam
1581 2975 1853 3034 fortunae
1881 2975 2168 3051 gratiam,
2211 2972 2369 3052 quod
2400 2972 2517 3033 Ita-

597 3060 738 3121 liam
768 3062 897 3120 sine
940 3059 1139 3138 aliquo
1170 3058 1412 3118 vulnere
1454 3058 1783 3136 cepissent,
1828 3058 1986 3137 quod
2028 3057 2173 3118 duas
2202 3057 2519 3135 Hispanias

599 3143 1185 3205 bellicosissimorum
1224 3141 1535 3202 hominum
1574 3143 1958 3221 peritissimis
2008 3149 2183 3220 atque
2225 3142 2517 3201 exercita-

599 3230 847 3289 tissimis
869 3226 1122 3287 ducibus
1144 3226 1533 3304 pacavissent,
1565 3226 1723 3306 quod
1752 3226 2034 3287 finitimas
2063 3227 2518 3286 frumentarias-

596 3331 713 3393 que
752 3312 1090 3391 provincias
1139 3311 1204 3369 in
1257 3315 1616 3387 potestatem
1656 3310 2065 3387 redegissent;
2121 3308 2379 3388 denique
2421 3327 2515 3368 re·

597 3395 836 3456 cordari
866 3392 1109 3461 debere,
1150 3410 1267 3472 qua
1297 3393 1585 3455 felicitate
1615 3396 1777 3455 inter
1808 3394 2033 3455 medias
2074 3394 2334 3453 bostium
2365 3393 2512 3453 clas·

597 3497 694 3540 ses
722 3476 979 3557 oppletis
999 3496 1118 3538 non
1137 3476 1328 3538 solum
1357 3477 1651 3556 portibus,
1678 3478 1783 3539 sed
1807 3480 1985 3538 etiam
2014 3477 2293 3537 litoribus
2312 3495 2517 3537 omnes

543 3562 927 3624 {incolumes
978 3557 1179 3624 e'ssent
1226 3565 1635 3645 transportati.
1718 3561 1784 3623 Si
1824 3580 1944 3622 non
1987 3562 2185 3622 omnia
2235 3561 2517 3622 caderent
