2750 4255
581 237 668 308 56
911 240 919 246 '
1219 241 1318 301 DE
1358 242 1590 301 nmmo
1636 242 1857 301 cmm

582 411 840 475 Curione
882 408 1325 481 intercedebat,
1368 410 1531 491 quod
1569 408 1849 473 tribunus
1886 407 2086 491 plebis
2126 408 2332 490 legem
2387 427 2574 490 pro-

530 502 563 554 5
584 494 976 574 mulgaverat,
1017 513 1135 575 qua
1174 495 1307 572 lege
1346 512 1602 572 regnum
1623 493 1812 557 Iubae
1854 494 2283 575 publicaverat.
2367 493 2566 556 Gon·-
2591 520 2606 532 ‘

580 586 831 642 currunt
871 581 1105 659 equites
1141 581 1301 640 inter
1342 596 1441 650 se,
1424 599 1439 614 ·
1496 596 1692 659 neque
1731 597 1872 642 vero
1905 581 2173 660 pn'mum
2215 581 2564 659 impetum

582 671 921 727 nostrorum
951 660 1242 726 Numidae
1282 663 1451 725 terre
1477 670 1830 743 potuerunt,
1874 663 1981 725 sed
2013 664 2372 726 intersectis
2410 663 2561 724 cir·

485 815 491 822 ,
581 751 734 811 citer
773 761 916 811 cxx
958 748 1176 828 reliqui
1214 765 1280 808 se
1322 748 1389 809 in
1428 753 1624 809 castra
1675 746 1750 809 ad
1792 747 2077 827 oppidum
2119 756 2572 827 receperunt.

529 841 562 891 e
582 832 832 895 Interim
860 831 1115 907 adventu
1133 831 1444 909 longarum
1473 833 1712 894 navium
1733 832 1916 895 Curio
1937 833 2338 912 pronuntiare
2369 849 2551 892 one·

582 919 777 979 rariis
815 915 1068 979 navibus
1108 914 1304 985 iubet,
1365 932 1518 993 quae
1559 915 1800 977 stabant
1851 916 1926 977 ad
1965 915 2203 981 Uticam
2251 932 2548 977 numero

582 1003 829 1062 circiter
868 1011 983 1071 ce,
1040 1017 1105 1061 se
1142 1002 1211 1060 in
1250 999 1514 1062 hostium
1553 999 1903 1062 habiturum
1940 999 2103 1072 loco,
2161 1001 2269 1080 qui
2310 1017 2452 1061 non
2501 1016 2541 1058 e

529 1091 561 1142 '1
583 1085 834 1162 vestigio
863 1084 1164 1147 adcastra
1192 1083 1544 1146 Corneliana
1572 1084 1954 1146 traduxisset.
1997 1083 2125 1163 Qua
2145 1085 2534 1165 ,pronuntia-

552 1166 555 1171 '
588 1169 748 1230 tione
784 1169 941 1230 lacta
977 1169 1264 1249 temporis
1305 1174 1526 1248 puncto
1565 1167 1818 1230 sublatis
1860 1169 2096 1230 ancoris
2137 1186 2349 1230 omnes
2383 1167 2530 1229 Uti-

586 1270 718 1315 cam
746 1252 1091 1333 relinquunt
1121 1260 1210 1324 et,
1253 1272 1371 1334 quo
1406 1254 1766 1333 imperatum
1795 1260 1917 1324 est,
1949 1259 2283 1314 transeunt.
2347 1249 2529 1322 Quae

584 1355 685 1399 res
711 1339 978 1399 omnium
1005 1355 1208 1400 rerum
1239 1338 1412 1417 copi-a
1440 1337 1755 1418 complevit
1783 1339 2224 1416 exercitumq„
2529 1378 2556 1403 0

532 1429 560 1478 1
641 1474 645 1480 .
711 1421 917 1484 XXVI.
976 1421 1085 1484 His
1122 1421 1306 1483 rebus
1344 1424 1532 1500 gestis
1574 1421 1753 1483 Curio
1804 1440 1869 1482 se
1918 1423 1984 1484 in
2024 1428 2224 1484 castra
2271 1420 2347 1482 ad
2396 1420 2523 1481 Ba-

584 1505 830 1584 gradam
875 1507 1092 1587 recipit
1135 1513 1312 1586 atque
1364 1507 1632 1566 universi
1685 1507 1987 1566 exercitus
2036 1505 2518 1567 conclamatione

583 1592 911 1670 imperator
962 1590 1296 1672 appellatur
1343 1595 1701 1669 posteroque
1752 1588 1850 1649 die
1901 1590 2228 1651 exercitum
2272 1589 2518 1651 Uticam

530 1681 563 1730 2
588 1673 755 1736 ducit
799 1682 862 1736 et
907 1692 1096 1755 prope
1147 1672 1433 1753 oppidum
1480 1680 1673 1735 castra
1721 1673 1911 1751 ponit.
1997 1670 2276 1734 Nondum
2325 1690 2511 1765 opere

583 1766 913 1821 castrorum
953 1760 1222 1839 perfecto
1263 1757 1497 1835 equites
1531 1775 1609 1817 ex
1646 1757 1899 1818 statione
1940 1756 2247 1827 nuntiant,
2293 1775 2507 1836 magna

584 1844 804 1906 auxilia
826 1845 1091 1924 equitum
1118 1839 1508 1920 peditumque
1535 1839 1611 1902 ab
1628 1857 1772 1919 rege
1800 1842 1982 1903 missa
2002 1840 2236 1912 Uticam
2266 1843 2501 1912 venire:

585 1928 914 2008 eodemque
962 1933 1232 2004 tempore
1276 1926 1385 1985 vis
1417 1942 1631 2005 magna
1678 1926 1943 2006 pulveris
1996 1924 2385 1996 cernebatur,
2443 1931 2502 1987 et

424 2014 433 2023 ‘
466 2016 469 2019 ’
530 2017 565 2066 8
587 2014 838 2091 vestigio
856 2010 1156 2089 temporis
1182 2010 1445 2089 prImum
1484 2027 1698 2088 agmen
1727 2017 1857 2072 erat
1887 2011 1951 2071 in
1982 2017 2323 2090 conspectu.
2383 2008 2499 2072 No·
2619 2038 2622 2041 ¹

585 2098 768 2159 vitate
799 2095 896 2164 rei,
913 2092 1094 2156 Curio
1123 2100 1430 2174 permotus
1458 2097 1787 2174 praemittit
1817 2096 2077 2175 equites,
2109 2097 2215 2175 qui
2243 2097 2498 2175 primum

558 2173 877 2262 'impetum
906 2179 1237 2240 sustineant
1267 2197 1335 2241 ac
1364 2186 1706 2251 morentur;
1750 2181 1881 2259 ipse
1911 2179 2189 2240 celeriter
2218 2179 2292 2241 ab
2322 2189 2497 2260 opere

529 2269 565 2319 4
586 2264 861 2326 deductis
897 2260 1237 2340 legionibus
1274 2264 1466 2324 aciem
1504 2264 1771 2325 instruit.
1830 2263 2195 2344 Equitesque
2233 2266 2495 2326 commit·

583 2353 720 2420 tunt
756 2344 1053 2427 proelium
1092 2353 1182 2417 et,
1219 2348 1575 2426 priusquam
1604 2347 1786 2448 plane·
1807 2348 2076 2426 legiones
2114 2348 2398 2428 explicari
2434 2355 2495 2409 et

584 2431 914 2514 consistere
943 2436 1214 2510 possent,
1258 2436 1381 2492 tota
1410 2432 1631 2494 auxilia
1659 2434 1821 2510 regis
1851 2431 2139 2513 impedita
2168 2450 2238 2494 ac
2265 2438 2491 2512 pertur-

585 2515 749 2585 bata,
784 2511 961 2592 quod
1000 2514 1175 2575 nullo
1204 2515 1417 2577 ordine
1447 2523 1509 2577 et
1535 2518 1667 2578 sine
1698 2519 1913 2578 timore
1946 2519 2066 2578 iter
2091 2517 2383 2587 fecerant,
2428 2518 2490 2578 in

583 2601 784 2676 fugam
812 2597 1118 2661 coniciunt
1147 2600 1529 2681 equitatuque
1560 2603 1722 2662 omni
1745 2602 1875 2663 fere
1904 2600 2218 2671 incolumi,
2249 2601 2398 2681 quod
2425 2618 2487 2662 se

584 2699 695 2761 per
722 2681 900 2743 litora
929 2682 1254 2744 celeriter
1237 2703 1301 2745 ιιι
1331 2683 1615 2766 oppidum
1634 2686 1893 2765 recepit,
1925 2702 2206 2764 magnum
2233 2685 2486 2766 peditum

586 2784 906 2828 numerum
934 2767 1324 2831 interficiunt.

533 2855 561 2904 1
713 2851 948 2913 XXVII.
1034 2852 1311 2914 Proxima
1360 2860 1536 2914 nocte
1594 2854 1974 2915 centuriones
2021 2853 2202 2915 Marsi
2260 2829 2369 2916 duo
2416 2872 2483 2915 ex
2587 2921 2597 2927 ,

585 2937 797 2997 castris
828 2935 1106 2999 Curionis
1145 2955 1280 2998 cum
1308 2935 1804 3024 manipularibus
1823 2941 1947 3000 suis
1974 2952 2145 2999 xxn
2174 2938 2248 2999 ad
2276 2937 2481 2999 Attium

527 3023 560 3073 2
583 3019 801 3081 Varum
839 3022 1219 3106 perfugiuntr
1284 3020 1360 3084 Hi
1400 3022 1557 3090 sive,
1610 3039 1749 3082 vere
1787 3040 1965 3101 quam
2004 3021 2333 3084 habuerant
2365 3024 2480 3102 opi·

583 3105 868 3176 nionem,
894 3104 970 3166 ad
999 3123 1135 3166 eum
1152 3103 1509 3185 perferunt,
1552 3106 1677 3167 sive
1713 3108 1897 3167 etiam
1938 3106 2185 3168 auribus
2211 3105 2357 3168 Vari
2352 3125 2478 3168 ··ser

582 3190 755 3250 viunt
795 3220 884 3234 --
929 3205 1067 3250 nam
1105 3207 1258 3269 quae
1303 3186 1600 3260 volumus,
1654 3196 1714 3250 et
1756 3183 2058 3256 credimus
2101 3190 2377 3263 libenter,
2424 3184 2478 3253 et

583 3289 734 3349 quae
773 3275 1064 3334 sentimus
1091 3274 1244 3352 ipsi,
1287 3270 1553 3351 reliquos
1579 3276 1805 3335 sentire
1847 3292 2157 3374 speramus
2194 3306 2311 3347 -—,
2351 3293 2473 3337 con-

583 3358 821 3417 firmant
840 3356 1084 3436 quidem
1105 3363 1288 3427 certe,
1320 3357 1506 3417 totius
1533 3361 1837 3419 exercitus
1864 3360 2096 3421 animos
2116 3358 2335 3424 alienos
2353 3377 2472 3422 esse

584 3459 617 3501 a
649 3438 936 3509 Curione,
986 3440 1359 3519 maximeque
1402 3458 1550 3521 opus
1593 3459 1756 3513 esse,
1815 3444 1881 3504 in
1910 3452 2291 3524 conspectum
2325 3462 2471 3506 exer·

583 3525 773 3587 citum
811 3524 1016 3584 venire
1058 3530 1120 3585 et
1161 3523 1537 3626 colloquendi
1576 3526 1720 3594 dare
1758 3524 2121 3590 facultatem.
2208 3526 2329 3601 Qua
2353 3530 2486 3611 opi·
