2750 4255
606 318 832 376 COMM.
860 319 903 377 1.
949 318 1102 378 GAP.
1129 319 1673 377 XXVIII—XXXII.
2021 316 2096 383 17

92 498 238 552 tus
274 489 503 550 omnia
533 484 651 548 sibi
681 503 812 548 esse
843 486 919 547 ad
945 485 1170 548 bellum
1199 494 1336 567 apta
1365 504 1434 548 ac
1462 493 1667 565 parata
1698 488 2097 550 confirmavis-

100 580 256 636 set.
330 571 507 634 Haec
537 572 603 632 in
632 572 907 632 contione
937 578 1185 649 questus
1216 589 1289 633 ex
1320 573 1629 650 provincia
1656 572 1831 650 fugit.

279 655 517 717 XXXI.
578 653 750 716 Nacti
779 673 992 716 vacuas
1021 654 1096 716 ab
1132 656 1403 734 imperiis
1433 654 1770 717 Sardiniam
1801 656 2091 728 Valerius,
2118 666 2150 714 1

51 747 56 791 t
117 742 349 804 Curio
384 739 658 801 Siciliam
686 755 822 800 cum
862 738 1228 800 exercitibus
1267 757 1339 801 eo
1378 742 1756 819 perveniunt.
1831 739 2089 812 Tubero,
2114 750 2150 800 a

51 823 56 876 ἰ
121 843 298 887 eum
331 826 405 885 in
437 824 702 884 Africam
730 824 1012 895 venisset,
1043 825 1272 884 invenit
1300 825 1364 884 in
1393 826 1703 903 provincia
1731 841 1865 885 cum
1907 825 2096 904 impe-

52 923 61 962 1
126 911 246 971 rio
279 908 520 970 Attium
544 907 795 979 Varum;
825 909 929 987 qui
960 908 1033 969 ad
1062 907 1398 977 Auximum,
1430 914 1498 970 ut
1524 926 1705 987 supra
1729 908 2097 970 demonstra-

51 991 63 1047 ἰ
133 995 392 1063 vimuS,
449 993 683 1053 amissis
724 990 1074 1074 cohortibus
1120 994 1398 1070 protinus
1437 1009 1511 1053 ex
1549 992 1690 1070 fuga
1736 992 1798 1053 in
1837 993 2096 1054 Africam

51 1092 69 1132 oe
138 1082 534 1158 pervenerat
586 1083 761 1156 atque
811 1093 941 1137 eam
991 1094 1100 1138 sua
1148 1082 1358 1154 sponte
1410 1093 1657 1137 vacuam
1708 1087 2098 1157 occupaverat

51 1176 69 1217 r
143 1162 531 1240 delectuque
579 1159 785 1222 habito
807 1159 975 1236 ,duas
1023 1159 1290 1238 legiones
1329 1160 1637 1232 effecerat,
1690 1161 1997 1222 hominum
2036 1168 2098 1222 et

52 1251 70 1300 t
143 1246 443 1307 locorum
472 1246 684 1306 notitia
726 1249 787 1306 et
826 1262 941 1305 usu
982 1246 1113 1305 eius
1151 1245 1495 1322 provinciae
1536 1251 1747 1306 nactus
1787 1246 1985 1307 aditus
2022 1244 2097 1307 ad

51 1346 73 1385 ιε

51 1429 73 1470 21

51 1514 76 1555 ιε

51 1599 77 1639 m

51 1684 79 1733 a,

51 1759 78 1808 [e

51 1938 80 1977 J·

51 2006 79 2062 is

51 2096 82 2148 nl

51 2191 83 2232 m

51 2278 87 2318 m

51 2362 85 2403 m

51 2436 82 2487 l.

51 2531 79 2572 n

52 2616 78 2657 ‘e

51 2702 77 2742 [a

52 2768 73 2826 (l

51 2871 72 2910 n

54 2955 70 2996 S

51 3212 67 3251 ὃ

51 3297 64 3336 S

148 1349 230 1392 ea
278 1328 584 1399 conanda,
636 1328 794 1409 quod
842 1330 1051 1408 paucis
1101 1334 1238 1389 ante
1290 1330 1463 1389 annis
1512 1347 1586 1389 ex
1635 1336 1914 1408 praetura
1965 1347 2098 1390 eam

150 1415 542 1493 provinciam
593 1412 952 1474 obtinuerat.
1035 1412 1148 1473 Hic
1185 1414 1525 1474 venientem
1565 1412 1795 1474 Uticam
1846 1412 2094 1474 navibus
2115 1420 2150 1473 8

152 1497 571 1566 Tuberonemz
589 1503 768 1575 portu
797 1503 974 1577 atque
1003 1496 1221 1576 oppido
1258 1496 1542 1575 prohibet
1570 1515 1766 1576 neque
1798 1497 2097 1558 adfectum

154 1577 499 1644 valitudine
536 1581 724 1642 filium
756 1598 1054 1661 exponere
1084 1583 1150 1642 in
1180 1588 1405 1643 terram
1431 1583 1678 1661 patitur,
1709 1581 1815 1642 sed
1845 1580 2097 1644 sublatis

157 1667 413 1727 ancoris
443 1666 733 1727 excedere
763 1683 834 1727 eo
862 1665 992 1727 loco
1021 1667 1200 1743 cogit.

296 1748 544 1811 XXXII.
595 1749 703 1811 His
732 1748 914 1811 rebus
936 1750 1230 1811 confectis
1251 1749 1489 1820 Caesar,
1521 1757 1588 1811 ut
1615 1750 1916 1829 reliquum
1943 1757 2093 1811 tem·
2120 1758 2147 1809 1

162 1852 284 1915 pus
315 1852 349 1896 a
381 1831 585 1894 labore
613 1835 1148 1906 intermitteretur,
1190 1834 1415 1895 milites
1444 1836 1506 1895 in
1541 1837 1811 1914 proxima
1840 1836 2094 1896 munici-

164 1921 272 1998 pia
302 1918 576 1988 deducit:
618 1919 750 1997 ipse
781 1918 854 1979 ad
896 1917 1110 1979 urbem
1151 1919 1571 1997 proficiscitur.
1637 1918 1851 1980 Coacto
1881 1925 2092 1980 senatu
2114 1928 2147 1977 2

168 2003 435 2065 iniurias
461 2002 838 2064 inimicorum
869 2010 1313 2064 commemorat.
1382 2002 1590 2071 Docet,
1635 2020 1700 2063 sc
1734 2003 1963 2063 nullum
1992 2020 2094 2063 ex·
2135 2011 2138 2013 ’

169 2086 640 2149 traordinarium
669 2086 960 2149 honorem
989 2087 1308 2166 appetisse,
1340 2085 1448 2147 sed
1488 2091 1798 2165 expectato
1826 2087 2095 2164 legitimo

172 2178 444 2250 tempore
487 2171 827 2234 consulatus
867 2189 939 2232 eo
979 2171 1163 2231 fuisse
1204 2176 1576 2237 contentum.
1619 2171 1775 2250 quod
1816 2170 2095 2233 omnibus

173 2254 409 2318 civibus
460 2262 711 2334 pateret.
811 2254 1023 2317 Latum
1076 2253 1150 2316 ab
1201 2268 1250 2314 x
1299 2253 1561 2315 tribunis
1609 2254 1806 2334 plebis
1855 2261 2089 2317 contra·
2112 2264 2145 2312 3

175 2337 516 2401 dicentibus
545 2341 840 2410 inimicis,
883 2339 1103 2402 Catone
1132 2356 1273 2400 vero
1313 2341 1605 2400 acerrime
1633 2339 2004 2418 repugnante
2035 2346 2096 2401 et

175 2424 429 2504 pristina
468 2423 897 2486 consuetudine
938 2424 1177 2484 dicendi
1215 2441 1385 2484 mora
1427 2422 1557 2484 dies
1598 2423 1973 2495 extrahente,
2029 2431 2096 2484 ut

180 2509 272 2569 sui
302 2509 450 2569 ratio
481 2507 747 2570 absentis
787 2507 1143 2579 haberetur,
1186 2509 1318 2586 ipso
1360 2507 1603 2569 consule
1634 2507 1946 2586 Pompeio,
1989 2509 2093 2588 qui

182 2592 237 2653 si
261 2591 681 2670 improbasset,
725 2611 833 2653 cur
861 2592 1012 2654 ferri
1040 2610 1251 2671 passus
1279 2592 1476 2653 esset?
1516 2594 1567 2653 si
1601 2590 1940 2670 probasset,
1986 2609 2095 2652 cur

183 2693 249 2737 se
280 2677 364 2738 uti
390 2677 597 2757 populi
640 2676 932 2739 beneficio
971 2674 1422 2756 prohibuisset?
1491 2676 1848 2737 Patientiam
1876 2694 2091 2756 propo·
2115 2683 2149 2732 4

185 2761 275 2821 nit
301 2776 492 2832 suam,
537 2779 673 2823 cum
714 2761 789 2823 de
828 2761 1196 2823 exercitibus
1235 2761 1606 2822 dimittendis
1637 2761 1794 2822 ultro
1837 2760 2093 2840 postula-

189 2845 391 2913 visset:
431 2846 496 2905 in
524 2863 642 2924 quo
682 2848 976 2907 iacturam
1005 2846 1314 2923 dignitatis
1345 2851 1520 2923 atque
1541 2845 1808 2906 .honoris
1848 2847 1977 2925 ipse
2005 2844 2092 2905 fa·

190 2933 387 2986 cturus
414 2935 590 2989 esset.
659 2929 1060 2991 Acerbitatem
1098 2931 1478 2992 inimicorum
1510 2929 1708 2999 docet,
1755 2931 1889 3008 qui,
1931 2927 2089 3008 quod
2113 2934 2145 2985 5

193 3009 264 3073 ab
293 3008 469 3071 altero
498 3012 892 3091 postularent,
935 3016 998 3075 in
1029 3033 1091 3074 se
1121 3022 1470 3076 recusarent
1510 3021 1686 3092 atque
1717 3013 1913 3073 omnia
1953 3030 2093 3090 per·

193 3096 421 3156 misceri
449 3095 712 3169 mallent,
746 3116 924 3177 quam
959 3099 1281 3177 imperium
1315 3099 1735 3177 exercitusque
1766 3097 2090 3158 dimittere.

193 3178 462 3240 Iniuriam
491 3182 557 3245 in
587 3182 917 3261 eripiendis
942 3179 1281 3260 legionibus
1307 3183 1635 3262 praedicat,
1676 3180 2146 3245 crudelitatems

195 3269 253 3324 et
276 3264 640 3327 insolentiam
681 3267 747 3328 in
777 3266 1343 3329 circumscribendis
1382 3266 1645 3329 tribunis
1685 3264 1910 3345 plebis3
1952 3283 2091 3326 con·

196 3348 441 3410 diciones
470 3367 504 3411 a
544 3368 609 3411 se
650 3350 833 3432 latas,
874 3353 1132 3431 expetita
1173 3351 1466 3431 colloquia
1508 3359 1569 3413 et
1602 3349 1891 3427 denegata
1930 3368 2092 3411 com-

197 3439 480 3494 memorat.
539 3434 657 3495 Pro
687 3435 907 3515 quibus
935 3435 1122 3497 rebus
1147 3435 1421 3496 hortatur
1450 3455 1517 3498 ac
1545 3434 1821 3515 postulat,
1848 3440 1914 3495 ut
1932 3453 2090 3496 rem·
2115 3448 2145 3496 7

199 3514 471 3594 publicam
499 3520 832 3597 suscipiant
873 3524 1048 3598 atque
1083 3538 1197 3581 una
1239 3537 1443 3582 secum
1483 3521 1926 3582 administrent.
1987 3518 2093 3580 Sin

200 3600 388 3660 timore
431 3601 767 3679 defugiant,
822 3602 943 3664 illis
981 3620 1046 3664 se
1090 3605 1261 3665 oneri
1302 3623 1423 3666 non
1465 3606 1734 3667 futurum
1778 3611 1840 3666 et
1878 3621 1988 3683 per
2029 3620 2094 3665 sc

290 3714 332 3751 c.
362 3714 473 3752 1111..
514 3715 672 3753 cass.
711 3713 772 3752 11.
1654 3706 1686 3754 2
