2750 4255
629 314 716 380 28
1272 320 1369 377 DE
1411 320 1641 379 BELLO
1687 320 1906 379 clvm

632 486 874 556 addunt,
903 494 972 547 ut
998 488 1131 567 Ipsa
1159 486 1541 549 multitudine
1570 495 1775 549 nostra
1805 488 2012 549 classis
2040 494 2366 551 terreatur.
2450 490 2589 552 Ma·

631 587 815 648 gnum
853 588 1169 632 numerum
1212 573 1687 649 sagittariorum,
1736 590 2019 650 magnum
2060 572 2453 645 Albicorum,
2508 576 2588 637 de

631 653 853 734 quibus
902 673 1083 735 supra
1133 655 1604 716 demonstratum
1654 662 1778 725 est,
1838 659 2155 736 imponunt
2211 665 2393 737 atque
2463 659 2588 720 hos

578 745 611 795 8
635 741 923 817 praemiis
960 738 1605 819 pollicitationibusque
1648 741 1917 801 incitant.
1990 741 2197 803 Certas
2227 741 2342 802 sibi
2376 742 2587 822 depo-

631 823 743 884 scit
771 841 952 884 naves
974 823 1268 884 Domitius
1296 830 1475 903 atque
1505 823 1613 884 has
1640 823 1867 885 colonis
1895 824 2376 905 pastoribusque,
2413 845 2587 905 quos
2655 825 2656 842 l

576 914 612 963 4
633 925 837 968 secum
866 907 1223 977 adduxerat,
1264 907 1541 986 complet.
1604 907 1704 968 Sic
1734 907 2011 969 omnibus
2039 906 2223 969 rebus
2263 911 2585 972 instructa

628 991 819 1054 classe
847 1009 1062 1068 magna
1090 991 1303 1052 fiducia
1333 992 1408 1053 ad
1449 998 1685 1053 nostras
1711 1009 1893 1053 naves
1921 993 2287 1071 procedunt,
2333 993 2589 1073 quibus

627 1082 906 1154 praeerat
953 1075 1024 1135 D.
1054 1075 1295 1136 Brutus,
1377 1076 1502 1136 Hae
1543 1076 1617 1136 ad
1667 1075 1953 1146 insulam,
2006 1093 2158 1155 quae
2203 1086 2297 1136 est
2345 1085 2584 1139 contra

628 1158 969 1227 Massiliam,
1000 1162 1285 1220 stationes
1314 1158 1682 1221 obtinebant.

578 1250 609 1300 1
758 1241 933 1303 Lv11.
1014 1241 1161 1303 Erat
1201 1243 1387 1303 multo
1426 1244 1682 1304 inferior
1722 1261 1972 1305 numero
2011 1246 2255 1305 navium
2297 1245 2580 1317 Brutus:

631 1326 736 1387 sed
767 1327 989 1388 electos
1030 1345 1103 1388 ex
1133 1327 1412 1388 omnibus
1449 1327 1790 1405 legionibus
1829 1329 2189 1389 fortissimos
2219 1330 2409 1399 viroS,
2460 1348 2580 1391 an·

627 1413 1002 1489 tesignanos,
1046 1413 1449 1481 centuriones,
1481 1411 1699 1473 Caesar
1727 1414 1785 1472 ei
1816 1412 1992 1472 classi
2022 1411 2422 1482 adtribuerat,
2457 1415 2577 1493 qui

574 1503 609 1552 2
632 1494 748 1557 sibi
778 1495 840 1556 id
869 1498 1140 1556 muneris
1180 1495 1672 1574 depoposcerant.
1743 1496 1818 1557 Hi
1851 1513 2064 1557 manus
2100 1497 2334 1557 ferreas
2373 1505 2576 1577 atque
2655 1495 2656 1572 s

625 1578 999 1658 harpagones
1038 1585 1393 1658 paraverant
1432 1596 1764 1658 magnoque
1805 1597 2057 1640 numero
2096 1581 2384 1660 pilorum,
2436 1588 2572 1643 tra-
2655 1589 2656 1636 3

626 1662 903 1740 gularum
932 1661 1420 1742 reliquorumque
1462 1662 1721 1723 telorum
1750 1681 1814 1724 se
1844 1666 2273 1725 instruxerant.
2334 1663 2430 1725 lta
2462 1684 2569 1726 co-

628 1747 795 1823 gnito
823 1747 1085 1806 hostium
1115 1746 1369 1806 adventu
1400 1764 1538 1808 suas
1566 1763 1744 1808 naves
1774 1765 1846 1807 ex
1876 1755 2053 1828 portu
2082 1748 2374 1817 educunt,
2421 1767 2567 1810 cum

575 1838 609 1887 3
630 1829 1106 1891 Massiliensibus
1136 1830 1481 1909 confligunt.
1533 1830 1866 1909 Pugnatum
1895 1838 1987 1893 est
2014 1834 2315 1912 utrimque
2346 1832 2564 1894 fortis-

629 1916 780 1975 sime
822 1922 998 1994 atque
1041 1916 1369 1976 acerrime:
1410 1933 1606 1995 neque
1650 1916 1906 1978 multum
1933 1915 2126 1978 Albici
2166 1917 2392 1978 nostris
2436 1920 2561 1978 vir-
2655 1955 2656 1958 =

626 2005 753 2060 tute
784 1998 1106 2069 cedebant,
1148 1999 1424 2061 homines
1452 2002 1649 2080 asperi
1694 2008 1755 2061 et
1792 2003 2087 2069 montani,
2133 2002 2454 2061 exercitati
2497 2003 2559 2062 in

575 2091 611 2141 4
631 2085 847 2156 armis;
879 2090 1056 2166 atque
1087 2083 1151 2146 hi
1181 2084 1355 2146 modo
1384 2084 1641 2163 digressi
1670 2102 1715 2147 a
1741 2083 2218 2146 Massiliensibus
2245 2092 2556 2146 recentem

626 2187 834 2230 eorum
884 2169 1375 2248 pollicitationem
1428 2172 1642 2230 animis
1686 2168 2107 2236 continebant,
2162 2176 2552 2249 pastoresque
2653 2168 2654 2191 ¹

625 2253 903 2314 indomiti
943 2271 1050 2331 spe
1088 2253 1390 2316 libertatis
1429 2253 1672 2314 excitati
1713 2250 1825 2310 sub
1865 2250 2054 2310 oculis
2100 2247 2327 2308 domini
2382 2271 2549 2314 suam

625 2335 887 2416 probare
917 2353 1157 2414 operam
1188 2334 1525 2395 studebant.

578 2429 607 2477 1
756 2418 957 2479 LVIII.
1015 2418 1138 2497 Ipsi
1161 2418 1560 2479 Massilienses
1587 2424 1647 2477 et
1676 2415 1985 2476 celeritate
2008 2415 2245 2475 navium
2269 2424 2331 2477 et
2358 2421 2546 2481 scien·

627 2503 710 2562 tia
753 2501 1219 2579 gubernatorum
1259 2501 1469 2561 confisi
1521 2507 1759 2561 nostros
1802 2496 2122 2559 eludebant
2169 2501 2546 2583 impetusque

628 2604 836 2647 eorum
877 2584 1258 2665 decipiebant
1295 2591 1386 2654 et,
1439 2583 1633 2663 quoad
1683 2582 1903 2644 licebat
1952 2581 2158 2643 latiore
2201 2586 2288 2643 uti
2332 2590 2542 2664 spatio,

625 2670 914 2750 producta
955 2671 1191 2748 longius
1232 2670 1360 2729 acie
1405 2668 1840 2729 circumvenire
1870 2674 2104 2728 nostros
2131 2673 2234 2727 aut
2271 2667 2544 2747 pluribus

626 2752 882 2815 navibus
911 2754 1134 2815 adoriri
1176 2751 1442 2830 singulas
1471 2759 1575 2811 aut
1614 2769 1814 2811 remos
1840 2758 2319 2812 transcurrentes
2348 2753 2541 2815 deter-

575 2849 607 2897 2
630 2856 803 2917 gere,
836 2841 888 2899 si
917 2845 1188 2918 possent,
1231 2834 1697 2906 contendebant:
1740 2852 1873 2895 cum
1903 2837 2150 2914 propius
2180 2843 2309 2895 erat
2335 2854 2539 2898 neces-

626 2925 788 2984 sario
827 2929 1098 2991 ventum,
1145 2919 1221 2981 ab
1264 2921 1516 2981 scientia
1556 2919 2024 2998 gubernatorum
2063 2927 2240 2998 atque
2277 2922 2538 2982 artificiis

574 3018 606 3066 3
630 3008 703 3070 ad
741 3009 1024 3068 virtutem
1064 3012 1480 3066 montanorum
1510 3003 1946 3082 confugiebant.
2014 2998 2240 3065 Nostri
2267 3020 2401 3063 cum
2430 3009 2535 3066 mi·

625 3109 741 3153 nus
789 3091 1133 3150 exercitatis
1178 3087 1509 3166 remigibus
1558 3090 1871 3168 minusque
1921 3089 2135 3167 peritis
2183 3085 2533 3164 gubernato·

625 3174 797 3237 ribus
824 3172 1172 3243 utebantur,
1218 3175 1321 3253 qui
1360 3181 1611 3252 repente
1640 3190 1715 3233 ex
1755 3173 2050 3233 onerariis
2089 3169 2339 3231 navibus
2370 3178 2533 3233 erant

624 3258 906 3338 producti
943 3275 1138 3337 neque
1168 3257 1310 3318 dum
1351 3258 1533 3317 etiam
1569 3254 1874 3317 vocabulis
1913 3262 2411 3316 armamentorum
2441 3274 2529 3316 co-

625 3344 838 3420 gnitis,
892 3349 1020 3403 tum
1071 3344 1254 3403 etiam
1293 3340 1574 3401 tarditate
1626 3347 1687 3400 et
1725 3342 2016 3418 gravitate
2066 3340 2305 3399 navium
2353 3341 2528 3420 impe·

626 3424 975 3487 diebantur:
1026 3427 1219 3487 factae
1259 3427 1419 3487 enim
1457 3424 1655 3485 subito
1709 3442 1783 3484 ex
1834 3422 2078 3484 humida
2127 3424 2373 3484 materia
2416 3443 2526 3485 non

572 3521 608 3570 4
628 3511 885 3571 eundem
922 3529 1096 3572 usum
1135 3509 1462 3571 celeritatis
1501 3508 1822 3570 habebant.
1905 3507 2139 3586 Itaque,
2194 3506 2336 3568 dum
2374 3507 2527 3569 locus

626 3597 958 3657 comminus
983 3594 1288 3676 pugnandi
1316 3594 1591 3664 daretur,
1637 3610 1828 3672 aequo
1856 3593 2058 3652 animo
2087 3589 2349 3669 singulas
2378 3591 2527 3653 binis

328 3802 659 4136 X
