2750 4255
771 323 998 382 coMM.
1025 326 1113 410 11.
1143 323 1297 382 cAr.
1323 324 1732 382 xxv-xxx,
1957 297 1963 302 ’
2126 318 2210 387 57

275 490 461 552 nione
521 490 810 554 adductus
867 491 1057 555 Varus
1113 499 1354 572 postero
1428 490 1526 552 die
1584 508 1760 551 mane
1814 486 2080 568 legiones
2137 510 2212 554 ex

275 576 497 636 castris
539 575 760 637 educit.
842 577 1013 638 Facit
1044 576 1215 638 idem
1257 576 1466 646 Curio,
1527 580 1704 654 atque
1744 592 1864 636 una
1903 575 2051 636 valle
2090 593 2211 637 non

216 736 223 739 -
277 677 495 737 magna
526 662 842 721 interiecta
872 680 1010 722 suas
1042 668 1294 740 uterque
1325 661 1529 739 copias
1559 660 1822 720 instruit.

409 743 668 807 XXVIII.
726 743 872 805 Erat
914 747 979 806 in
1010 747 1280 807 exercitu
1308 745 1448 806 Vari
1491 743 1706 805 Sextus
1735 741 2061 814 Quintilius
2098 744 2208 805 Va·
2236 752 2262 803 1

275 845 413 902 rus,
432 846 634 907 quem
667 830 864 890 fuisse
910 828 1128 891 Corfini
1170 847 1351 909 supra
1392 829 1861 889 demonstratum
1903 834 2016 889 est.
2102 827 2212 897 Hic

277 894 565 973 dimissus
606 931 639 975 a
672 912 924 975 Caesare
966 915 1030 974 in
1060 915 1323 975 Africam
1363 920 1637 983 venerat,
1686 912 2086 991 legionesque
2113 930 2213 973 eas

276 996 629 1057 traduxerat
660 996 868 1068 Curio,
920 1017 1067 1077 quas
1109 997 1522 1078 superioribus
1551 996 1923 1077 temporibus
1954 996 2213 1058 Corfinio

276 1088 601 1163 receperat
631 1080 879 1152 Caesar,
923 1083 1071 1144 adeo
1114 1090 1183 1144 ut
1219 1084 1428 1162 paucis
1467 1083 1716 1142 mutatis
1757 1081 2214 1143 centurionibus

277 1166 473 1226 idem
486 1165 730 1227 ordines
771 1167 1182 1246 manipulique
1223 1158 1588 1227 constarent.
1661 1165 1827 1226 Hanc
1855 1173 2066 1228 nactus
2107 1185 2263 1245 ap-.·
2233 1174 2264 1222 2
2373 1215 2378 1219 .

278 1248 623 1329 pellationis
668 1269 904 1311 causam
935 1250 1259 1321 Quintilius
1289 1251 1550 1311 circuire
1594 1252 1786 1311 aciem
1817 1250 2097 1312 Curionis
2126 1259 2212 1311 at-

278 1352 397 1414 que
424 1333 745 1395 obsecrare
770 1335 989 1396 milites
1011 1338 1237 1415 coepit,
1271 1354 1346 1396 ne
1369 1336 1625 1414 primam
1650 1335 2023 1404 sacramenti,
2055 1335 2215 1413 quod

279 1419 439 1516 apud
469 1418 798 1479 Domitium
829 1428 1005 1500 atque
1036 1420 1193 1500 apud
1222 1438 1287 1480 se
1317 1426 1693 1499 quaestorem
1725 1419 2046 1489 dixissent,
2088 1437 2213 1479 me-

278 1504 533 1563 moriam
564 1502 940 1583 deponerent
963 1523 1081 1565 neu
1112 1511 1318 1565 contra
1348 1522 1453 1564 eos
1482 1521 1648 1564 arma
1677 1504 1938 1573 ferrent,
1983 1503 2087 1582 qui
2116 1520 2213 1563 ea-

174 1650 179 1653 ,
279 1587 418 1648 dem
461 1595 663 1648 essent
700 1589 795 1649 usi
833 1590 1075 1650 fortuna
1116 1590 1441 1669 eademque
1480 1590 1546 1649 ιιι
1576 1587 1888 1649 obsidione
1919 1589 2213 1667 perpessi,

279 1690 400 1732 neu
428 1675 539 1751 pro
568 1672 665 1733 his
694 1683 1064 1751 pugnarent,
1109 1692 1142 1734 a
1183 1673 1401 1754 quibus
1441 1689 1582 1735 cum
1612 1671 1971 1734 contumelia
2010 1673 2214 1752 perfu-

285 1773 395 1833 gae
437 1756 900 1835 appellarentur.
958 1758 1101 1818 Ηιιο
1130 1776 1319 1837 pauca
1360 1758 1435 1818 ad
1466 1775 1634 1837 spem
1664 1756 2004 1834 largitionis
2043 1756 2208 1818 addi·
2232 1765 2284 1813 3,

282 1839 402 1909 dit,
450 1858 600 1920 quae
641 1841 716 1901 ab
759 1860 865 1902 sua
905 1841 1297 1911 liberalitate,
1344 1844 1396 1902 si
1437 1859 1501 1901 se
1544 1847 1719 1919 atque
1751 1842 1980 1901 Attium
2020 1828 2211 1901 secuti
2279 1868 2285 1873 ·

205 1978 208 1982 ,
283 1930 517 1992 essent,
563 1932 879 2002 expectare
911 1916 1225 1985 deberent.
1294 1925 1420 1984 Hac
1448 1924 1654 1984 habita
1685 1926 1954 1984 oratione
1985 1924 2205 1985 nullam
2231 1933 2266 1983 4
2322 1927 2326 1930 ’

281 2007 345 2068 ιιι
374 2012 610 2086 partem
650 2007 725 2067 ab
770 2010 1039 2068 exercitu
1070 2008 1346 2070 Curionis
1384 2008 1452 2068 fit
1481 2008 1869 2084 significatio,
1909 2013 2086 2086 atque
2130 2009 2213 2108 ita

284 2109 422 2153 suas
451 2100 703 2171 uterque
734 2095 934 2172 copias
964 2093 1215 2154 reducit.
2252 2125 2264 2144 ·

412 2176 697 2239 XXVIIII.
742 2175 996 2258 At[que]
1030 2180 1095 2238 in
1125 2179 1338 2237 castris
1362 2176 1642 2238 Curionis
1669 2193 1920 2254 magnus
1948 2163 2212 2238 omnium
2230 2187 2280 2237 1-

285 2263 561 2322 incessit
576 2264 789 2323 timor.
836 2281 973 2323 nam
1003 2264 1058 2323 is
1086 2263 1270 2323 variis
1297 2262 1608 2322 hominum
1648 2257 2028 2322 sermonibus
2057 2261 2214 2322 cele-

286 2347 436 2405 riter
475 2354 748 2424 augetur.
834 2346 1250 2427 Unusquisque
1292 2348 1455 2407 enim
1498 2347 1814 2425 opiniones
1853 2344 2117 2423 fingebat
2155 2353 2217 2406 et

287 2430 359 2491 ad
389 2429 484 2499 id,
527 2431 685 2510 quod
715 2430 789 2491 ab
822 2431 937 2493 alio
968 2431 1260 2501 audierat,
1294 2433 1387 2492 sui
1419 2431 1642 2510 aliquid
1672 2432 1909 2491 timoris
1939 2429 2213 2491 addebat.

286 2513 411 2574 Hoc
441 2513 547 2575 ubi
577 2534 697 2576 uno
727 2522 970 2577 auctore
1003 2517 1076 2577 ad
1106 2517 1308 2596 plures
1337 2523 1817 2595 permanaverat,
1851 2522 2028 2595 atque
2060 2514 2209 2576 alius
2232 2525 2264 2572 2

287 2597 387 2659 alii
417 2598 765 2670 tradiderat,
796 2601 1022 2681 plures
1033 2610 1309 2662 auctores
1340 2601 1471 2662 eius
1500 2602 1591 2661 rei
1623 2599 1999 2662 videbantur.
2041 2594 2215 2661 Erat
2235 2609 2268 2657 3

287 2681 462 2742 civile
505 2682 760 2753 bellum;
806 2702 995 2762 genus
1023 2685 1363 2754 hominum,
1412 2688 1509 2746 cui
1539 2684 1752 2745 liceret
1788 2684 1981 2745 libere
2009 2685 2214 2745 facere

288 2773 347 2826 ct
377 2767 577 2846 sequi,
611 2731 769 2846 quod
801 2769 1006 2839 vellet;
1038 2769 1305 2847 legiones
1336 2787 1473 2838 eae,
1505 2787 1657 2848 quae
1681 2768 1859 2847 paulo
1889 2774 2025 2828 ante
2055 2768 2215 2852 apud

289 2850 659 2912 adversarios
689 2853 925 2913 fuerant
946 2887 1030 2898 —
1048 2873 1186 2914 nam
1217 2855 1398 2913 ctiam
1411 2854 1680 2915 Caesaris
1704 2852 2062 2912 beneficium
2084 2870 2213 2913 mu-

289 2942 514 2996 taverat
541 2936 906 2996 consuetudo
940 2935 1084 3017 [qua
1116 2934 1504 3016 offerrentur]
1529 2969 1615 2981 —-
1629 2937 2002 3013 31nunicipia
2033 2936 2216 2995 etiam

196 3074 205 3083 .
264 3011 542 3081 diversis
571 3019 847 3099 partibus
876 3023 1192 3081 coniuncta
1213 3052 1299 3066 —-
1322 3037 1515 3099 neque
1548 3021 1708 3079 enim
1738 3038 1810 3079 ex
1833 3019 2046 3079 Marsis
2065 3019 2214 3079 Pae-

288 3105 585 3183 lignisque
629 3103 953 3165 veniebant
994 3103 1266 3180 Uticam,
1314 3106 1417 3181 qui
1458 3100 1588 3165 no‘n
1631 3100 1975 3184 [superiore
2004 3086 2210 3183 nocte]

288 3189 413 3250 tuto
455 3207 499 3250 a
543 3185 705 3251 Vari
744 3190 806 3249 in
828 3190 1114 3252 Curionis
1153 3189 1365 3251 castra
1397 3183 1921 3250 commearent—
1931 3186 2210 3268 .Itaque
2235 3196 2269 3246 4.

290 3259 555 3333 nonnulli
586 3274 892 3351 graviores
921 3291 1244 3334 sermones
1257 3273 1515 3334 militum
1540 3270 1786 3352 [dubia]
1820 3272 2031 3332 durius
2059 3273 2216 3332 acci-

290 3345 639 3442 piebantur,
682 3357 950 3419 nonnulli
982 3360 1163 3419 etiam
1193 3357 1267 3418 ab
1297 3359 1407 3429 iis,
1451 3359 1555 3437 qui
1586 3356 2004 3450 diligentiores
2022 3351 2214 3417 videri

290 3433 588 3512 volebant,
620 3442 1020 3520 fingebantur.

414 3525 601 3588 XXX.
647 3524 881 3598 Quibus
910 3526 985 3588 de
1017 3528 1215 3588 causis
1242 3527 1494 3587 consilio
1524 3484 1849 3636 convocato
1880 3525 1954 3587 de
1985 3542 2211 3590 summa
2237 3531 2266 3581 ι
