2750 4255
737 256 965 314 COMM.
995 257 1091 313 111.
1135 255 1288 313 cAP.
1310 255 1631 313 CII-cvl.
2030 252 2150 315 119

222 427 341 506 ipsi
374 425 525 486 clam
557 423 804 486 consilio
834 425 985 484 inito
1014 423 1303 484 Achillam
1331 423 1700 503 praefectum
1727 424 1981 501 regium,
2022 425 2145 484 sin·
2166 432 2200 481 2

222 510 417 588 gulari
448 509 753 570 hominem
784 508 1048 576 audacia,
1083 515 1144 568 et
1171 507 1238 567 L.
1273 506 1627 586 Septimium
1656 507 1966 569 tribunum
1994 508 2149 568 mili-

221 603 350 654 tum
383 593 456 654 ad
488 592 973 654 interficiendum
1002 591 1352 671 Pompeium
1382 592 1692 651 miserunt.
1751 590 1840 652 Ab
1873 590 1968 651 his
1995 591 2144 651 libe·
2166 599 2200 649 8

221 678 430 738 raliter
471 680 602 757 ipse
635 677 965 756 appellatus
996 684 1056 735 et
1100 675 1353 755 quadam
1384 676 1596 736 notitia
1627 674 1902 754 Septimii
1928 675 2148 752 produ-

220 770 372 831 ctuS,
416 761 593 841 quod,
617 760 776 821 bello
817 760 1184 839 praedonum
1214 758 1371 839 apud
1412 777 1548 820 eum
1579 758 1848 821 ordinem
1879 758 2147 829 duxerat,

220 847 552 907 naviculam
593 845 900 924 parvulam
930 843 1277 905 conscendit
1316 861 1453 904 cum
1493 844 1701 923 paucis
1744 846 1899 904 suis:
1945 844 2031 904 ibi
2073 843 2148 904 ab

221 929 453 991 Achilla
493 937 553 990 et
584 929 872 1009 Septimio
914 929 1293 989 interficitur.
1338 926 1515 988 'ltem
1554 927 1623 988 L.
1654 927 1947 988 Lentulus
1988 946 2148 989 com-

219 1013 614 1094 prehenditur
645 1012 891 1096 abmrege
922 1022 983 1073 et
1010 1014 1076 1072 in
1107 1010 1374 1072 custodia
1404 1021 1670 1072 necatur.
1977 1034 1984 1043 ·

348 1097 464 1159 CV.
527 1097 777 1166 Caesar,
821 1114 959 1157 cum
999 1098 1064 1157 in
1094 1096 1290 1156 Asiam
1322 1097 1612 1166 venisset,
1654 1095 2025 1176 reperiebat,
2071 1096 2141 1156 T.
2168 1104 2195 1152 1

220 1182 497 1261 Ampium
540 1188 816 1241 conatum
857 1198 988 1242 esse
1029 1182 1317 1260 pecunias
1367 1180 1574 1240 tollere
1619 1180 1855 1259 Epheso
1895 1198 1968 1240 ex
2006 1181 2146 1241 fano

218 1266 440 1327 Dianae
484 1268 732 1344 eiusque
776 1266 865 1325 rei
919 1282 1097 1327 causa
1139 1273 1444 1326 senatores
1479 1281 1687 1325 omnes
1725 1283 1796 1325 ex
1836 1267 2146 1344 provincia

219 1367 515 1418 evocasse,
548 1356 613 1410 ut
641 1350 736 1409 his
765 1348 1024 1410 testibus
1052 1350 1118 1408 in
1141 1367 1369 1409 summa
1399 1350 1690 1428 pecuniae
1719 1357 2010 1418 uteretur,
2042 1349 2145 1408 sed

217 1434 665 1514 interpellatum
680 1433 940 1494 adventu
953 1433 1228 1494 Caesaris
1247 1433 1607 1512 profugisse.
1638 1432 1725 1492 lta
1740 1432 1971 1493 duobus
1991 1441 2142 1493 tem·
2166 1441 2199 1489 2

216 1517 470 1597 poribus
489 1517 782 1597 Ephesiae
806 1520 1099 1597 pecuniae
1118 1517 1334 1578 Caesar
1358 1517 1643 1577 auxilium
1675 1517 1811 1578 tulit
1826 1561 2143 1578 ..........

218 1603 368 1664 Item
398 1602 728 1671 constabat,
760 1601 931 1663 Elide
961 1605 1026 1662 in
1067 1601 1289 1680 templo
1318 1601 1617 1661 Minervae
1662 1603 1936 1680 repetitis
1966 1609 2142 1680 atque
2166 1610 2197 1658 3

219 1690 584 1749 enumeratis
627 1687 870 1757 diebus,
919 1704 1038 1765 quo
1077 1685 1174 1746 die
1224 1684 1520 1764 proelium
1562 1686 1890 1746 secundum
1931 1685 2146 1746 Caesar

218 1771 493 1840 fecisset,
538 1771 922 1832 simulacrum
952 1770 1281 1840 Victoriae,
1326 1768 1485 1848 quod
1532 1776 1668 1829 ante
1701 1772 1893 1849 ipsam
1922 1770 2145 1829 Miner·

220 1872 352 1913 vam
395 1853 765 1914 conlocatum
807 1859 966 1914 esset
1006 1861 1067 1915 et
1119 1861 1254 1915 ante
1298 1853 1373 1914 ad
1423 1853 1808 1914 simulacrum
1847 1853 2144 1914 Minervae

218 1938 635 2014 spectavisset,
690 1938 763 1997 ad
803 1937 998 1997 valvas
1037 1956 1102 2000 se
1155 1938 1360 2017 templi
1412 1937 1714 2016 limenque
1756 1941 2144 1999 convertisse.

218 2018 559 2099 Eodemque
601 2020 697 2080 die
738 2021 1085 2083 Antiochiae
1127 2025 1189 2082 in
1235 2022 1408 2101 Syria
1458 2022 1553 2083 bis
1603 2030 1804 2083 tantus
1845 2024 2199 2083 exercitus4

218 2102 443 2165 clamor
472 2111 533 2165 et
563 2107 870 2182 signorum
900 2121 1081 2166 sonus
1110 2106 1422 2167 exauditus
1453 2116 1561 2177 est,
1608 2115 1674 2167 ut
1712 2109 1775 2167 in
1815 2109 2005 2167 muris
2048 2124 2142 2167 ar-

218 2197 374 2249 mata
417 2191 626 2249 civitas
667 2189 1055 2249 discurreret.
1125 2190 1250 2249 Hoc
1290 2191 1451 2251 idem
1491 2191 1859 2253 Ptolemaide
1904 2190 2196 2252 accidit.⁶

218 2272 492 2350 Pergami
525 2273 584 2333 in
614 2273 864 2333 occultis
895 2290 963 2332 ac
997 2274 1325 2334 reconditis
1354 2275 1579 2354 templi,
1608 2275 1738 2352 'quo
1780 2283 2020 2353 praeter
2049 2294 2142 2335 sa-

219 2357 492 2417 cerdotes
522 2357 688 2417 adire
721 2358 810 2417 sas
839 2375 960 2417 non
989 2364 1099 2425 est,
1130 2376 1281 2436 quae
1313 2357 1526 2419 Graeci
1567 2351 1782 2419 ἄδυτα
1824 2359 2141 2440 appellant,

215 2449 492 2521 tympana
524 2450 867 2502 sonuerunt.
942 2440 1092 2502 Item
1121 2440 1421 2502 Trallibus
1462 2445 1527 2503 in
1567 2445 1789 2523 templo
1818 2444 2138 2514 Victoriae,
2164 2452 2198 2501 6

217 2524 323 2585 ubi
355 2525 628 2587 Caesaris
670 2533 924 2586 statuam
954 2534 1476 2595 consecraverant,
1519 2527 1714 2605 palma
1744 2547 1852 2608 per
1882 2547 1985 2590 eos
2014 2528 2144 2589 dies

222 2606 313 2688 [in
343 2607 532 2690 tecto]
567 2612 727 2670 inter
750 2618 1097 2687 coagmenta
1120 2608 1389 2688 lapidum
1411 2626 1483 2670 ex
1513 2614 1848 2690 pavimento
1871 2615 2142 2674 extitisse

220 2694 662 2754 ostendebatur.

341 2777 482 2839 CVI.
544 2778 758 2839 Caesar
798 2796 1020 2858 paucos
1052 2778 1180 2839 dies
1221 2780 1284 2838 in
1315 2778 1454 2839 Asia
1484 2786 1749 2840 moratus
1777 2799 1913 2842 cum
1943 2782 2140 2843 audis·
2165 2789 2195 2838 ι

219 2867 305 2920 set
342 2862 695 2940 Pompeium
727 2862 904 2942 Cypri
947 2865 1170 2932 visum,
1213 2864 1586 2931 coniectans,
1635 2880 1772 2923 eum
1811 2864 2142 2945 Aegyptum

221 2944 332 3004 iter
390 2945 647 3016 habere,
706 2955 954 3026 propter
1004 2946 1479 3007 necessitudines
1534 2949 1706 3024 regni
1763 2948 2140 3029 reliquasque

221 3029 342 3090 eius
382 3030 501 3090 loci
544 3033 1044 3109 opportunitates,
1102 3048 1238 3090 cum
1276 3031 1512 3109 legione
1554 3048 1700 3100 una,
1744 3049 1921 3109 quam
1962 3051 2026 3093 se
2068 3052 2142 3094 ex

222 3107 518 3175 Thessalia
549 3116 719 3192 sequi
750 3117 1039 3185 iusserat,
1082 3123 1144 3174 et
1183 3115 1398 3185 altera,
1446 3133 1624 3195 quam
1654 3133 1727 3174 ex
1756 3115 1976 3176 Achaia
2007 3135 2039 3177 a
2069 3115 2140 3186 Q.

225 3191 378 3258 Fufio
431 3198 625 3275 legato
667 3206 1039 3268 evocaverat,
1093 3198 1517 3278 equitibusque
1558 3210 1738 3259 Dccc
1780 3206 1841 3259 et
1887 3198 2142 3261 navibus

225 3274 407 3357 longis
436 3281 689 3370 Rhodiis
709 3296 759 3342 x
782 3290 843 3343 et
872 3283 1147 3343 Asiaticis
1175 3285 1384 3361 paucis
1405 3283 1819 3344 Alexandriam
1847 3286 2139 3362 pervenit,

226 3356 286 3419 ln
324 3364 415 3426 his
457 3374 629 3427 erant
670 3366 1010 3443 legionibus
1048 3367 1355 3427 hominum
1400 3367 1562 3428 milia
1604 3371 1720 3428 tria
1761 3379 1875 3438 οῦς
1917 3366 2193 3448 reliqui2

228 3444 561 3511 vulneribus
601 3468 674 3510 ex
714 3451 965 3529 proeliis
993 3458 1054 3510 et
1094 3450 1297 3512 labore
1342 3469 1411 3512 ac
1452 3453 1862 3530 magnitudine
1905 3453 2140 3512 itineris

232 3530 474 3595 confecti
525 3534 806 3611 consequi
857 3552 975 3595 non
1026 3543 1367 3613 potuerant.
1451 3535 1568 3596 Sed
1619 3538 1834 3598 Caesar
1885 3536 2193 3597 confisus-3
2305 3581 2568 3762 f
