2750 4255
523 240 610 308 24
1165 248 1263 304 DE
1305 248 1540 306 DELLO
1586 248 1807 306 clvm

524 415 884 477 mitteretur.
948 413 1170 476 Tamen
1200 416 1425 493 virtute
1456 419 1518 475 et
1554 416 1845 495 patientia
1884 415 2231 479 nitebantur
2272 423 2479 498 atque

477 506 507 556 ’1
531 501 730 560 omnia
759 498 1006 561 vulnera
1033 498 1426 560 sustinebant.
1503 498 1850 577 Augebatur
1876 500 1998 562 illis
2024 503 2228 582 copia,
2273 510 2474 582 atque

527 601 601 645 ex
629 585 844 644 castris
872 582 1149 644 cohortes
1190 600 1300 664 per
1343 583 1630 662 oppidum
1671 583 1884 645 crebro
1925 583 2469 656 submittebantur,

477 674 509 725 8
528 674 598 728 ut
624 669 845 744 integri
876 667 1130 729 defessis
1160 667 1570 729 succederent.
1641 667 1768 729 Hoc
1806 669 1969 730 idem
2000 668 2215 732 Caesar
2247 670 2470 731 facere

526 749 871 829 cogebatur,
903 757 971 812 ut
999 753 1332 813 summissis
1359 751 1426 813 in
1456 750 1712 813 eundem
1745 752 1940 813 locum
1971 752 2316 816 cohortibus
2344 754 2466 815 de-

524 836 719 896 fessos
748 836 1069 914 reciperet.
1199 855 1202 858 ⁴

473 924 504 975 1
651 916 957 980 XXXXVI.
1009 918 1134 980 Hoc
1163 937 1298 980 cum
1322 927 1483 982 esset
1508 920 1686 982 modo
1713 930 2042 1001 pugnatum
2071 925 2466 984 continenter

524 1003 694 1064 horis
722 1005 1006 1082 quinque,
1038 1006 1344 1083 nostrique
1374 1006 1619 1083 gravius
1640 1025 1674 1067 a
1696 1006 2077 1067 multitudine
2099 1024 2461 1086 premeren-

523 1094 657 1158 tur,
701 1089 1067 1167 consumptis
1096 1087 1375 1149 omnibus
1403 1088 1542 1149 telis
1580 1088 1796 1168 gladiis
1826 1088 2128 1151 destrictis
2157 1091 2459 1169 impetum

526 1170 810 1232 adversus
846 1178 1108 1233 montem
1150 1173 1215 1233 in
1255 1172 1523 1234 cohortis
1558 1174 1787 1234 faciunt
1829 1176 2154 1252 paucisque
2195 1173 2459 1236 deiectis

474 1260 508 1310 2
527 1255 793 1335 reliquos
833 1271 964 1317 sese
1000 1263 1353 1317 convertere
1397 1263 1636 1335 cogunt.
1709 1255 2013 1318 Submotis
2052 1257 2164 1319 sub
2204 1275 2453 1318 murum

528 1338 875 1401 cohortibus
916 1357 984 1401 ac
1022 1339 1305 1402 nonnulla
1342 1348 1512 1420 parte
1552 1348 1801 1420 propter
1833 1348 2128 1403 terrorem
2167 1344 2231 1403 in
2274 1343 2452 1425 oppi-

470 1427 506 1479 8
528 1424 670 1485 dum
710 1423 1030 1503 compulsis
1066 1425 1260 1486 facilis
1290 1432 1384 1486 est
1421 1427 1645 1486 nostris
1681 1432 1963 1505 receptus
1999 1426 2187 1488 datus.
2259 1425 2451 1506 Equi·

523 1514 682 1570 tatus
713 1515 910 1569 autem
937 1514 1142 1570 noster
1171 1509 1246 1570 ab
1275 1515 1532 1589 utroque
1570 1509 1791 1580 latere,
1834 1512 1949 1570 etsi
1989 1510 2240 1572 deiectis
2269 1518 2451 1590 atque
2559 1548 2570 1552 -

524 1591 918 1654 inferioribus
965 1593 1114 1655 locis
1163 1594 1538 1663 constiterat,
1588 1598 1788 1655 tamen
1839 1611 2070 1654 summa
2125 1596 2189 1654 in
2239 1596 2450 1675 iugum

522 1678 750 1738 virtute
780 1678 1066 1738 conititur
1095 1683 1269 1757 atque
1309 1678 1471 1740 inter
1500 1677 1648 1738 duas
1678 1678 1840 1737 acies
1867 1679 2255 1757 perequitans
2283 1694 2448 1738 com-

523 1759 856 1822 modiorem
897 1779 966 1822 ac
1018 1763 1301 1823 tutiorem
1343 1763 1569 1823 nostris
1604 1767 1913 1840 receptum
1953 1761 2071 1822 dat.
2151 1760 2240 1822 Ita
2278 1757 2482 1822 vario'

470 1848 509 1898 4
529 1846 853 1906 certamine
880 1852 1208 1925 pugnatum
1238 1852 1349 1906 est.
1422 1843 1623 1906 Nostri
1652 1846 1718 1905 in
1746 1844 1940 1923 primo
1970 1860 2293 1922 congressu
2320 1846 2445 1906 cir-

525 1930 679 1989 citer
706 1941 853 1988 Lxx
880 1931 1254 2000 ceciderunt,
1296 1931 1360 1989 in
1402 1929 1498 1989 his
1536 1926 1604 1998 Q.
1636 1927 1949 2006 Fulginius
1990 1947 2063 1989 ex
2101 1930 2299 2009 primo
2338 1928 2446 1990 ha-

522 2019 677 2073 stato
703 2012 960 2092 legionis
980 2027 1182 2084 xlm„
1214 2015 1318 2093 qui
1349 2018 1597 2093 propter
1626 2013 1907 2072 eximiam
1935 2014 2219 2076 virtutem
2246 2031 2321 2074 ex
2350 2015 2444 2074 in·

520 2096 850 2160 ferioribus
877 2096 1192 2160 ordinibus
1220 2099 1284 2158 in
1315 2115 1453 2158 eum
1481 2096 1679 2158 locum
1709 2104 2097 2178 perveneram
2127 2096 2443 2159 vulneran-

465 2184 502 2237 5
521 2189 622 2244 tur
660 2183 914 2261 amplius
954 2194 1068 2243 Dc.
1140 2182 1229 2242 Ex
1273 2181 1613 2242 Afranianis
1652 2183 2097 2244 interficiuntur
2135 2182 2208 2243 Τ.
2239 2182 2443 2244 Caeci*—

519 2266 658 2336 lius,
700 2268 883 2345 primi
911 2266 1019 2345 pili
1050 2267 1340 2335 centurio,
1373 2271 1435 2325 et
1461 2271 1705 2396 praeter
1735 2284 1870 2327 eum
1902 2268 2286 2328 centuriones
2313 2269 2445 2329 1111.1

523 2350 746 2412 milites
774 2351 1028 2429 amplius
1055 2360 1159 2410 00.

469 2441 502 2491 1
649 2432 984 2495 XXXXVII.
1058 2432 1177 2494 Sed
1216 2432 1365 2503 haec
1395 2434 1529 2496 eius'
1559 2434 1680 2495 diei
1720 2435 2061 2514 praefertur
2100 2436 2333 2514 opinio,
2376 2439 2448 2495 ut

464 2524 500 2574 8
521 2537 588 2580 se
618 2520 859 2598 utrique
889 2518 1230 2597 superiores
1262 2517 1609 2580 discessisse
1641 2520 2081 2580 existimarent.
2113 2518 2439 2587 Afraniani,

520 2601 707 2682 quod,
761 2618 897 2662 cum
950 2619 1081 2661 esse
1123 2603 1390 2662 omnium
1439 2602 1666 2664 iudicio
1716 2604 2035 2664 inferiores
2070 2601 2438 2672 viderentur,
2545 2667 2546 2670 Ἴ

520 2686 850 2759 comminus
877 2691 998 2745 tam
1023 2685 1126 2746 diu
1154 2687 1461 2747 stetissent
1490 2694 1551 2748 et
1578 2693 1922 2752 nostrorum
1949 2689 2237 2764 impetum
2260 2685 2437 2746 susti·
2454 2752 2457 2757 ,

518 2770 789 2831 nuissent
826 2775 887 2829 et
934 2770 1109 2830 initio
1159 2768 1353 2831 locum
1404 2770 1816 2851 tumulumque
1866 2772 2228 2839 tenuissent,
2288 2779 2456 2848 quaa}

521 2871 698 2914 causa
726 2852 1030 2932 pugnandi
1058 2853 1285 2924 fuerat,
1329 2861 1392 2915 et
1428 2861 1666 2916 nostros
1692 2857 1890 2934 primo
1919 2870 2243 2931 congressu
2271 2859 2435 2930 terga

466 2942 501 2994 3
519 2945 754 2998 vertere
785 2938 1150 3013 coegissent3
1189 2941 1380 2999 nostri
1411 2946 1639 3009 autem,
1680 2938 1885 3017 quod
1868 2939 2074 3019 iniquo
2102 2937 2234 2999 loco
2263 2947 2435 3015 atque

518 3022 736 3099 impari
769 3024 1078 3097 congressi
1106 3039 1356 3083 numero
1379 3024 1641 3103 quinque
1670 3023 1840 3083 horis
1867 3022 2157 3102 proelium
2181 3022 2434 3082 sustinu-

443 3121 446 3126 ’
518 3107 725 3175 issent,
757 3104 916 3184 quod
944 3112 1206 3168 montem
1236 3107 1451 3185 gladiis
1482 3105 1787 3167 destrictis
1816 3106 2239 3173 ascendissent,
2281 3102 2436 3181 quod

517 3206 591 3249 ex
639 3188 770 3249 loco
823 3192 1135 3267 superiore
1184 3197 1354 3267 terga
1402 3197 1638 3251 vertere
1691 3189 2061 3251 adversarios
2110 3186 2436 3263 coegissent

464 3278 503 3329 4
521 3279 696 3351 atque
725 3274 790 3335 in
821 3275 1105 3353 oppidum
1133 3274 1594 3354 compulissent.
1664 3272 1757 3334 Illi
1788 3291 1925 3334 eum
1965 3271 2290 3340 tumulum,
2330 3288 2435 3349 pro

516 3374 636 3435 quo
674 3365 1001 3436 pugnatum
1043 3365 1163 3428 est,
1217 3360 1452 3436 magnis
1493 3356 1781 3437 operibus
1821 3358 2170 3417 munierunt
2212 3354 2433 3433 praesi-

517 3442 798 3515 diumque
830 3442 915 3503 ibi
947 3449 1295 3521 posuerunt.

460 3530 494 3583 1
644 3524 1006 3589 XXXXVIII.
1076 3524 1304 3587 Accidit
1344 3526 1526 3586 etiam
1569 3524 1954 3609 repentinum
2001 3519 2435 3584 incommodum
