2750 4255
750 277 981 337 COMM.
1007 279 1052 336 Ι.
1096 279 1251 337 CAP.
1277 279 1868 338 XXXVII—XXXXI.
2184 274 2267 339 21

244 496 253 509 .
341 446 507 508 tibus
538 444 885 527 pabulatum
922 444 1214 519 mittebat,
1247 447 1407 526 quod
1438 465 1527 517 ea,
1559 465 1711 528 quae
1742 449 1894 509 citra
1920 447 2145 509 flumen
2173 449 2265 509 fu·

341 537 532 600 erant,
565 529 981 609 superioribus
1010 530 1222 591 diebus
1249 538 1719 611 consumpserat.
1789 532 2105 593 Hoc·idem
2131 532 2260 593 fere
2282 541 2314 589 2

340 621 520 694 atque
552 614 756 675 eadem
802 614 876 675 de
918 632 1095 675 causa
1125 614 1472 694 Pompeiani
1520 617 1821 677 exercitus
1862 617 2044 678 duces
2081 617 2265 678 facie·

339 698 513 769 bant,
559 696 895 778 crebroque
939 700 1100 760 inter
1139 716 1204 760 se
1235 697 1615 778 equestribus
1654 699 1905 780 proeliis
1945 701 2266 761 contende·

341 782 505 844 bant.
575 782 707 844 Huc
737 796 874 845 cum
901 782 1200 843 cotidiana
1240 783 1672 844 consuetudine
1702 801 1976 862 egressae
2014 782 2259 863 pabula·
2283 793 2317 840 3

341 864 578 928 toribus
605 868 909 946 praesidio
943 869 1226 946 propiore
1257 867 1452 946 ponte
1487 867 1755 945 legiones
1784 868 2083 930 Fabianae
2114 868 2265 929 duae
2363 914 2366 915 ν

342 950 565 1012 flumen
621 952 981 1012 transissent
1028 951 1574 1033 impedimentaque
1617 958 1678 1013 et
1726 955 1921 1014 omnis
1970 954 2268 1033 equitatus

344 1042 716 1114 sequeretur,
745 1035 944 1097 subito
967 1037 1024 1096 vi
1045 1042 1360 1096 ventorum
1386 1043 1446 1096 et
1470 1054 1656 1116 aquae
1677 1038 2089 1115 magnitudine
2115 1053 2266 1114 pons

345 1124 438 1180 est
474 1121 849 1198 interruptus
887 1125 949 1180 et
986 1119 1218 1199 reliqua
1257 1120 1574 1181 multitudo
1609 1123 1877 1201 equitum
1918 1120 2262 1182 interclusa.

343 1201 470 1273 Quo
497 1206 738 1280 cognito
769 1223 803 1264 a
831 1203 1070 1266 Petreio
1113 1211 1174 1264 et
1200 1205 1446 1265 Afranio
1490 1223 1566 1265 ex
1605 1222 1821 1282 aggere
1865 1213 2046 1285 atque
2080 1207 2260 1266 crati·
2282 1211 2318 1262 4

344 1286 484 1358 buS,
527 1306 678 1367 quae
707 1286 953 1349 flumine
993 1286 1372 1360 ferebantur,
1418 1286 1702 1350 celeriter
1739 1308 1847 1350 suo
1886 1296 2066 1368 ponte
2094 1290 2264 1351 Afra-

342 1373 500 1442 niuS‚
533 1390 710 1451 quem
741 1372 961 1452 oppido
991 1374 1320 1453 castrisque
1351 1375 1735 1434 coniunctum
1757 1372 2044 1443 habebat,
2085 1373 2267 1450 legio·

342 1474 452 1516 nes
479 1468 561 1516 111
591 1456 1038 1536 equitatumque
1069 1475 1307 1518 omnem
1334 1459 1577 1519 traiecit
1607 1456 1954 1537 duabusque
1983 1455 2268 1519 Fabianis

344 1542 612 1602 occurrit
647 1540 1000 1617 legionibus.
1072 1541 1253 1603 Cuius
1293 1541 1548 1602 adventu
1588 1543 1856 1603 nuntiato
1894 1540 1959 1602 L.
1992 1540 2261 1610 Plancus,
2285 1548 2319 1597 5

345 1626 447 1705 qui
497 1624 839 1702 legionibus
888 1634 1195 1703 praeerat,
1248 1628 1589 1687 necessaria
1637 1643 1705 1686 re
1751 1633 2020 1696 coactus,
2071 1626 2288 1686 locum

261 1733 270 1741 ·
344 1711 502 1789 capit
529 1711 900 1789 superiorem
934 1709 1349 1791 diversamque
1380 1713 1572 1771 aciem
1611 1712 1676 1771 in
1705 1709 1853 1771 duas
1893 1716 2098 1790 partes
2125 1727 2267 1771 con·
2283 1713 2300 1727 ⁶

345 1795 566 1863 stituit,
608 1811 685 1854 ne
716 1792 790 1854 31)
822 1795 1091 1872 equitatu
1121 1796 1545 1856 circumveniri
1574 1802 1794 1874 posset.
1867 1793 1957 1855 Ita
1986 1811 2264 1872 congres-
2288 1802 2321 1850 6

345 1894 447 1936 sus
487 1878 705 1954 impari
745 1895 996 1937 numero
1025 1895 1270 1955 magnos
1308 1881 1570 1957 impetus
1609 1879 1912 1954 legionum
1942 1881 2265 1957 equitatus·
2365 1908 2366 1911 ¹

343 1977 460 2039 que
490 1961 762 2020 sustinet.
823 1960 1148 2021 Commisso
1178 1961 1254 2021 ab
1285 1961 1592 2040 equitibus
1621 1962 1850 2039 proelio
1879 1964 2050 2039 signa
2076 1961 2263 2039 legio·
2288 1969 2320 2018 ‘e

342 2061 486 2105 num
519 2043 771 2104 duarum
810 2043 1020 2122 procul
1059 2043 1134 2104 ab
1173 2046 1447 2123 utrisque
1490 2047 1969 2123 conspiciuntur,
2014 2063 2160 2124 quas
2202 2045 2267 2106 C.

343 2126 568 2189 Fabius
595 2127 880 2189 ulteriore
919 2135 1102 2208 ponte
1145 2127 1414 2190 subsidio
1455 2132 1680 2190 nostris
1718 2131 1967 2191 miserat
2005 2131 2267 2209 suspica-

343 2221 458 2284 tus,
488 2213 620 2273 fore
650 2213 742 2283 id,
786 2213 946 2293 quod
990 2212 1239 2283 accidit,
1282 2220 1350 2275 ut
1380 2212 1563 2275 duces
1591 2214 2069 2275 adversariorum
2098 2230 2269 2274 occa-

345 2299 513 2359 sione
556 2304 617 2358 et
656 2295 949 2358 beneficio
988 2298 1261 2359 fortunae
1293 2298 1366 2358 ad
1407 2306 1643 2359 nostros
1683 2299 2107 2378 opprimendos
2136 2306 2270 2359 ute-

343 2389 578 2443 rentur.
639 2380 902 2451 Quarum
923 2382 1178 2443 adventu
1206 2383 1505 2462 proelium
1528 2383 1832 2444 dirimitur
1852 2400 1921 2444 ac
1944 2400 2080 2445 suas
2102 2391 2269 2444 uter-

345 2483 462 2545 que
492 2467 761 2542 legiones
789 2466 1026 2528 reducit
1054 2468 1118 2527 in
1147 2476 1362 2529 castra.

468 2548 728 2610 xxxxi.
771 2550 858 2610 Eo
888 2550 1072 2611 biduo
1104 2550 1320 2612 Caesar
1350 2569 1485 2612 cum
1509 2551 1813 2631 equitibus
1840 2563 2083 2623 necne,
2117 2571 2265 2632 quos
2281 2545 2317 2609 '1

347 2632 464 2693 sibi
493 2635 797 2713 praesidio
829 2634 1185 2713 reliquerat,
1227 2638 1292 2696 in
1323 2642 1518 2697 castra
1559 2638 1852 2715 pervenit.
1921 2636 2115 2709 PonS,
2164 2639 2268 2715 qui

345 2719 542 2778 suerat
562 2724 913 2796 tempestate
953 2721 1328 2799 interruptus
1349 2766 1366 2790 ,
1400 2738 1590 2798 paene
1622 2727 1751 2780 erat
1779 2720 2069 2781 refectus:
2110 2720 2271 2780 hunc

344 2809 520 2861 nocte
561 2804 769 2879 perfici
808 2805 1005 2864 iussit.
1078 2802 1211 2883 Ipse
1253 2807 1489 2881 cognita
1540 2804 1807 2865 locorum
1847 2812 2059 2864 natura
2101 2805 2265 2882 ponti
2288 2812 2320 2862 2

347 2886 678 2963 castrisque
710 2887 1010 2965 praesidio
1033 2905 1137 2948 sex
1161 2887 1428 2949 cohortis
1455 2888 1701 2967 reliquit
1722 2895 1899 2967 atque
1930 2889 2127 2948 omnia
2157 2889 2270 2947 im-

345 2967 689 3048 pedimenta
719 2977 780 3029 et
808 2979 1046 3048 postero
1078 2971 1175 3031 die
1205 2970 1484 3031 omnibus
1517 2973 1734 3049 copiis,
1777 2970 2001 3049 triplici
2045 2972 2270 3030 instru-

346 3059 440 3112 cta
485 3053 640 3123 acie,
685 3053 758 3113 ad
801 3053 1056 3114 Ilerdam
1096 3055 1500 3133 proficiscitur
1540 3061 1601 3113 et
1639 3053 1751 3114 sub
1797 3055 2011 3114 castris
2040 3053 2270 3115 Afranii

345 3138 615 3205 constitit
659 3143 720 3197 et
760 3136 848 3197 ibi
890 3138 1195 3217 paulisper
1235 3138 1345 3198 sub
1378 3139 1561 3198 armis
1590 3145 1852 3198 moratus
1891 3137 2038 3198 facit
2079 3155 2269 3217 aequo

344 3220 474 3280 loco
516 3221 822 3299 pugnandi
864 3230 1238 3302 potestatem.
1319 3221 1616 3283 Potestate
1656 3222 1810 3283 facta
1851 3221 2133 3283 Afranius
2171 3239 2269 3282 co·

343 3307 474 3384 pias
503 3306 705 3366 educit
732 3314 794 3367 et
821 3308 885 3367 in
914 3306 1113 3367 medio
1143 3306 1292 3368 colle
1323 3306 1436 3368 sub
1466 3309 1681 3368 castris
1720 3307 2050 3367 constituit.
2121 3306 2263 3368 Cae·
2286 3316 2318 3364 3

344 3407 442 3449 sar
468 3388 575 3450 ubi
606 3393 909 3468 cognovit,
942 3409 1053 3470 per
1081 3391 1393 3452 Afranium
1424 3398 1613 3461 stare,
1657 3409 1775 3470 quo
1805 3392 2001 3451 minus
2039 3390 2269 3470 proelio

344 3473 764 3544 dimicaretur,
811 3474 885 3535 ab
926 3475 1148 3537 infimis
1176 3474 1483 3536 radicibus
1511 3477 1732 3536 montis
1761 3477 2122 3535 intermissis
2149 3476 2270 3535 cir-

343 3558 497 3618 citer
545 3557 828 3640 passibus
877 3571 1047 3621 cccc
1099 3567 1294 3621 castra
1338 3560 1539 3621 facere
1570 3560 1883 3620 constituit
1937 3566 2026 3630 et,
2079 3577 2154 3619 ne
2204 3561 2269 3619 in
2289 3565 2323 3615 4
