2750 4255
582 296 669 364 62
1232 299 1330 355 DE
1371 297 1604 354 BELLO
1650 296 1871 355 crvm

586 471 816 548 egressi
838 467 1121 530 Curionis
1149 465 1371 526 milites
1399 465 1475 526 iis
1497 463 1681 525 rebus
1708 463 2087 542 indigebant,
2119 483 2272 544 quae
2304 464 2401 526 ad
2437 485 2565 547 op-

534 561 568 614 5
584 555 1008 634 pugnationem
1048 558 1381 612 castrorum
1409 556 1580 610 erant
1608 551 1767 609 usui.
1834 549 2041 628 Itaque
2071 548 2251 609 Curio
2281 554 2563 612 exerci-

585 646 713 700 tum
742 640 804 699 in
834 644 1028 698 castra
1054 636 1310 704 reducit,
1342 636 1469 694 suis
1497 633 1774 694 omnibus
1800 641 2039 712 praeter
2061 633 2319 695 Fabium
2356 638 2560 696 inco-

585 721 866 791 lumibus,
899 740 971 781 ex
994 737 1244 781 numero
1274 718 1755 778 adversariorum
1785 719 2031 778 circiter
2050 729 2143 777 Dc
2172 720 2561 780 interfectis

586 826 655 868 ac
676 807 839 867 mille
872 805 1222 873 vulneratis3
1254 804 1358 882 qui
1388 820 1595 863 omnes
1624 802 1893 863 discessu
1916 802 2191 863 Curionis
2218 804 2561 885 multique

497 886 501 891 ⁴
586 899 899 972 praeterea
941 906 1051 968 per
1080 887 1519 949 simulationem
1547 886 1861 947 vulnerum
1901 904 1974 945 ex
2004 888 2219 947 castris
2249 890 2317 948 in
2349 891 2555 968 oppi-

535 985 568 1034 o
590 977 731 1037 dum
771 981 1018 1054 propter
1067 974 1346 1033 timorem
1386 989 1518 1032 sese
1558 973 1883 1050 recipiunt.
1971 969 2096 1041 Qua
2137 988 2206 1030 re
2246 975 2554 1034 animad-

586 1077 758 1121 versa
788 1059 976 1118 Varus
1015 1064 1077 1117 et
1112 1063 1347 1116 terrore
1392 1056 1690 1115 exercitus
1729 1055 1995 1131 cognito,
2058 1054 2429 1118 bucinatore
2473 1060 2550 1119 in

594 1144 809 1204 castris
838 1149 900 1202 et
928 1144 1135 1221 paucis
1165 1139 1239 1200 ad
1269 1142 1534 1219 speciem
1563 1137 1969 1199 tabernaculis
1996 1138 2256 1215 relictis,
2287 1141 2366 1202 de
2403 1151 2546 1202 ter-

587 1231 673 1289 tia
704 1226 900 1303 vigilia
930 1226 1172 1287 silentio
1203 1226 1534 1285 exercitum
1565 1225 1629 1282 in
1659 1223 1946 1302 oppidum
1974 1224 2232 1285 reducit.

538 1319 567 1370 1
715 1310 972 1371 XXXVI.
1033 1310 1281 1370 Postero
1322 1309 1421 1369 die
1452 1309 1631 1370 Curio
1671 1307 1948 1368 obsidere
1995 1307 2223 1368 Uticam
2266 1317 2331 1369 et
2371 1311 2540 1372 vallo

588 1397 1054 1456 circummunire
1084 1395 1364 1454 instituit.
1403 1392 1556 1452 Erat
1576 1394 1641 1451 in
1663 1391 1881 1471 oppido
1902 1391 2221 1452 multitudo
2249 1395 2538 1456 insolens

588 1480 731 1541 belli
763 1480 1156 1540 diuturnitate
1188 1480 1325 1546 otii,
1373 1476 1685 1537 Uticenses
1712 1494 1824 1555 pro
1853 1474 2209 1554 quibusdam
2240 1477 2533 1540 Caesaris

587 1567 654 1625 in
684 1582 748 1625 se
778 1563 1090 1624 beneficiis
1119 1561 1206 1620 illi
1237 1561 1606 1629 amicissimi,
1637 1569 1964 1621 conventus
1991 1562 2063 1630 is,
2095 1563 2197 1639 qui
2227 1579 2300 1621 ex
2333 1566 2528 1624 variis

589 1646 913 1726 generibus
942 1651 1273 1713 constaret,
1320 1650 1521 1704 terror
1552 1661 1626 1703 ex
1657 1644 2070 1723 superioribus
2099 1646 2350 1724 proeliis
2394 1666 2525 1710 ma-

536 1740 567 1788 2
592 1748 765 1809 gnus,
820 1730 1027 1810 Itaque
1052 1729 1125 1789 de
1146 1728 1451 1789 deditione
1488 1745 1694 1788 omnes
1735 1730 1855 1788 iam
1875 1729 2069 1807 palam
2096 1730 2522 1808 loquebantur,

591 1823 653 1876 et
682 1831 819 1874 cum
846 1813 915 1875 P.
946 1813 1107 1874 Attio
1138 1812 1427 1891 agebant,
1468 1829 1566 1885 ne,
1592 1830 1697 1872 sua
1725 1815 2055 1891 pertinacia
2098 1816 2365 1876 omnium
2393 1818 2522 1877 for-

538 1908 570 1958 3
593 1906 768 1960 tunas
817 1896 1162 1979 perturbari
1212 1896 1409 1958 vellet.
1513 1896 1674 1956 Haec
1722 1915 1859 1957 cum
1908 1906 2258 1975 agerentur,
2318 1904 2520 1962 nuntii

588 1986 905 2064 praemissi
945 1982 1022 2043 ab
1062 1999 1208 2060 rege
1239 1981 1386 2042 Iuba
1415 1988 1740 2049 venerunt,
1784 1981 1887 2061 qui
1917 1982 2087 2043 illum
2128 1983 2338 2044 adesse
2382 2003 2517 2046 cum

589 2070 820 2148 magnis
849 2069 1041 2148 copiis
1071 2067 1345 2127 dicerent
1373 2073 1437 2127 et
1468 2066 1541 2125 de
1573 2065 1842 2126 custodia
1871 2083 1940 2125 ac
1971 2067 2317 2130 defensione
2346 2068 2518 2131 urbis

589 2154 991 2215 hortarentur.
1062 2151 1224 2222 Quae
1265 2169 1366 2212 res
1395 2169 1606 2212 eorum
1647 2152 2004 2230 perterritos
2044 2154 2273 2213 animos
2300 2157 2516 2216 confir·

589 2242 791 2299 mavit.

540 2332 567 2380 1
717 2321 1002 2381 XXXVII.
1062 2318 1505 2400 Nuntiabantur
1531 2318 1680 2379 haec
1721 2320 1927 2380 eadem
1958 2319 2232 2393 Curioni,
2273 2323 2377 2384 sed
2406 2324 2513 2385 ali·

591 2406 875 2485 quamdiu
904 2405 1052 2464 fides
1079 2405 1214 2465 fieri
1253 2420 1375 2463 non
1403 2410 1669 2482 poterat:
1720 2411 1951 2465 tantum
1991 2405 2249 2467 habebat
2276 2426 2513 2469 suarum

539 2499 570 2547 2
594 2507 798 2550 rerum
828 2488 1129 2549 fiduciam.
1198 2488 1441 2568 Iamque
1472 2487 1744 2548 Caesaris
1770 2489 1833 2548 in
1862 2489 2147 2569 Hispania
2176 2510 2278 2552 res
2304 2511 2512 2554 secun·

594 2574 704 2634 dae
746 2576 811 2633 in
840 2574 1101 2633 Africam
1129 2573 1358 2633 nuntiis
1400 2579 1461 2632 et
1488 2572 1708 2633 litteris
1737 2574 2216 2651 perferebantur.
2288 2575 2513 2647 Quibus

593 2656 779 2724 rebus
819 2656 1095 2718 omnibus
1136 2656 1408 2718 sublatus
1447 2656 1597 2717 nihil
1638 2666 1843 2718 contra
1883 2676 1949 2719 se
1988 2676 2193 2737 regem
2234 2680 2507 2722 ausurum

541 2751 571 2799 3
596 2741 992 2803 existimabat.
1066 2741 1183 2803 Sed
1213 2740 1318 2802 ubi
1348 2742 1534 2801 certis
1573 2740 1919 2803 auctoribus
1946 2747 2267 2823 comperit,
2320 2748 2508 2807 minus

593 2840 640 2888 v
661 2833 723 2887 et
743 2841 842 2887 xx
868 2825 1107 2887 milibus
1136 2827 1308 2904 longe
1334 2825 1409 2886 ab
1434 2825 1608 2886 Utica
1637 2828 1769 2886 eius
1797 2829 2000 2906 copias
2031 2827 2260 2900 abesse,
2292 2830 2506 2891 relictis

543 2920 576 2969 4
597 2911 1029 2973 munitionibus
1067 2929 1200 2973 sese
1240 2912 1304 2970 in
1346 2911 1553 2972 Castra
1585 2910 1862 2972 Cornelia
1899 2915 2149 2991 recepit.
2220 2914 2349 2975 Huc
2386 2915 2504 2975 sru-

595 3005 863 3058 mentum
904 3004 1305 3077 comportare,
1350 3001 1544 3056 castra
1587 2997 1851 3067 munire,
1896 2999 2206 3059 materiam
2247 2998 2501 3060 conferre

595 3084 794 3161 coepit
824 3084 1143 3162 statimque
1172 3084 1237 3141 in
1261 3078 1528 3140 Siciliam
1557 3082 1751 3149 misit,
1783 3083 1872 3141 uti
1904 3082 2053 3152 duae
2083 3082 2349 3160 legiones
2373 3083 2501 3144 reli-

542 3173 574 3223 5
599 3184 869 3247 quusque
901 3170 1202 3245 equitatus
1231 3164 1305 3225 ad
1337 3182 1401 3224 se
1433 3165 1793 3225 mitteretur.
1856 3165 2059 3227 Castra
2089 3175 2261 3228 erant
2288 3168 2358 3228 ad
2386 3167 2499 3228 bel-

593 3251 719 3312 lum
777 3251 1113 3312 ducendum
1166 3250 1475 3328 aptissima
1533 3257 1742 3310 natura
1800 3249 1917 3311 loci
1968 3259 2028 3312 et
2078 3254 2400 3314 munitione
2445 3261 2501 3312 et

597 3337 781 3395 maris
810 3337 1255 3415 propinquitate
1296 3340 1357 3392 et
1386 3352 1572 3414 aquae
1603 3343 1664 3396 et
1693 3334 1833 3397 salis
1860 3338 2064 3415 copia,
2109 3339 2279 3397 cuius
2308 3353 2498 3413 magna

545 3427 577 3476 6
599 3420 689 3478 vis
715 3421 836 3478 iam
877 3437 950 3478 ex
980 3420 1273 3499 proximis
1305 3425 1434 3478 erat
1462 3419 1669 3480 salinis
1699 3438 1770 3480 eo
1800 3428 2099 3498 congesta.
2170 3421 2301 3482 Non
2329 3427 2497 3481 mate·

597 3504 689 3563 ria
734 3502 1117 3563 multitudine
1160 3501 1473 3574 arborum,
1529 3523 1648 3565 non
1688 3505 2084 3574 frumentum,
2140 3508 2310 3567 cuius
2348 3514 2499 3566 erant

595 3586 932 3668 plenissimi
965 3590 1116 3664 agri,
1148 3587 1404 3649 deficere
1433 3596 1687 3670 poterat.
1730 3589 1952 3672 ‘Itaque
1984 3587 2251 3652 omnium
2281 3608 2498 3651 suorum
