2750 4255
683 281 910 340 COMM.
937 283 982 339 L
1027 283 1181 340 cAP.
1210 282 1803 339 XXXXI-xxxxv.
2130 276 2213 343 23

270 451 493 514 luntur
518 456 694 529 atque
720 449 857 510 aliis
879 449 1214 511 summissis
1243 447 1534 510 subsidiis
1564 456 1733 527 terga
1761 455 2000 511 vertere
2027 467 2212 530 seque

271 536 361 596 ad
394 536 566 611 signa
593 535 899 611 legionum
926 536 1201 613 recipere
1233 541 1547 611 coguntur.

411 617 756 679 xxxxnn.
831 617 1032 679 Genus
1073 625 1202 679 erat
1251 635 1486 698 pugnae
1527 618 1783 679 militum
1821 617 2090 688 illorum,
2144 625 2211 679 ut
2233 626 2261 676 ι

270 719 503 780 magno
541 704 772 781 impetu
812 704 1008 782 primo
1048 708 1502 782 procurrerent,
1555 701 1837 763 audacter
1876 702 2074 763 locum
2114 720 2212 763 ca-

271 793 520 867 perent,
553 787 797 848 ordines
826 804 968 847 suos
995 804 1115 846 non
1145 803 1505 865 magnopere
1546 792 1882 856 servarent,
1925 787 2053 847 rari
2089 786 2213 851 dis·

272 872 568 951 persique
589 876 976 951 pugnarent:
1022 871 1075 930 si
1116 877 1565 950 premerentur,
1617 870 1832 949 pedem
1876 870 2107 932 referre
2151 877 2210 933 et
2231 877 2265 928 2

275 955 419 1016 loco
449 955 741 1015 excedere
769 973 890 1015 non
918 962 1096 1034 turpe
1128 955 1573 1024 existimarent,
1619 971 1755 1015 cum
1783 955 2087 1016 Lusitanis
2115 972 2212 1014 re-

277 1039 590 1119 liquisque
643 1037 903 1099 barbaro
955 1039 1213 1118 quodam
1273 1055 1495 1116 genere
1556 1055 1789 1118 pugnae
1854 1038 2211 1109 adsuefacti:

279 1123 448 1204 quod
477 1123 607 1183 fere
637 1123 732 1192 fit,
763 1121 984 1203 quibus
1013 1125 1266 1202 quisque
1298 1124 1363 1183 in
1392 1122 1540 1183 locis
1568 1120 1744 1184 miles
1769 1124 2211 1193 inveteraverit,

280 1215 355 1268 ut
383 1205 637 1268 multum
658 1224 864 1267 earum
885 1206 1196 1284 regionum
1217 1207 1650 1267 consuetudine
1671 1215 1999 1269 moveatur.
2053 1206 2211 1267 Haec
2233 1214 2267 1264 3

280 1300 418 1353 tum
446 1293 600 1352 ratio
629 1298 869 1353 nostros
897 1290 1270 1370 perturbavit
1309 1293 1575 1353 insuetos
1614 1290 1795 1353 huius
1833 1292 2076 1368 generis
2101 1309 2213 1371 pu-

283 1393 474 1455 gnae:
516 1377 825 1436 circumiri
870 1377 1032 1436 enim
1077 1393 1209 1436 sese
1252 1375 1326 1436 ab
1369 1382 1578 1454 aperto
1626 1374 1814 1436 latere
1853 1393 2214 1454 procurren-

283 1460 457 1522 tibus
506 1460 759 1538 singulis
809 1458 1286 1530 arbitrabantur:
1345 1461 1470 1538 ipsi
1527 1465 1725 1520 autem
1784 1477 1922 1520 suos
1972 1460 2217 1520 ordines

287 1562 534 1607 servare
562 1562 758 1624 neque
790 1543 865 1604 ab
898 1546 1086 1622 signis
1114 1543 1428 1605 discedere
1459 1559 1653 1621 neque
1682 1545 1813 1604 sine
1844 1545 2009 1621 gravi
2037 1561 2217 1605 causa

286 1646 428 1691 eum
455 1627 670 1698 locum,
704 1646 882 1708 quem
913 1634 1229 1708 ceperant,
1277 1628 1501 1688 dimitti
1530 1635 1889 1688 censuerant
1916 1636 2213 1706 oportere.

289 1713 499 1792 Itaque
539 1712 908 1793 perturbatis
950 1714 1353 1790 antesignanis
1394 1711 1582 1788 legio,
1630 1730 1780 1790 quae
1821 1713 1885 1773 in
1927 1729 1997 1771 eo
2026 1729 2215 1772 cornu
2237 1720 2274 1771 4

291 1799 671 1867 constiterat,
714 1797 911 1857 locum
939 1815 1059 1858 non
1088 1798 1286 1858 tenuit
1324 1803 1501 1875 atque
1542 1797 1975 1875 in‘proximum
2006 1796 2215 1856 collem

292 1899 428 1942 sese
461 1882 710 1958 recepit.

423 1963 712 2024 XXXXV.
782 1964 997 2026 Caesar
1038 1982 1226 2043 paene
1268 1967 1435 2025 omni
1476 1964 1606 2025 acie
1658 1966 2011 2043 perterrita,
2063 1965 2220 2044 quod
2244 1973 2276 2023 1

295 2053 541 2131 praeter
581 2047 922 2126 opinionem
963 2048 1575 2130 consuetudinemque
1620 2048 1949 2119 acciderat,
2006 2048 2218 2109 cohor-

295 2141 457 2196 tatus
500 2150 640 2194 suos
679 2131 1245 2209 legionem'nonam
1291 2133 1560 2194 subsidio
1601 2134 1818 2203 ducit}
1846 2134 2079 2194 hostem
2124 2136 2218 2195 in·

296 2218 561 2279 solenter
591 2222 769 2295 atque
792 2218 1015 2276 acriter
1033 2223 1269 2278 nostros
1297 2219 1713 2298 insequentem
1735 2217 2059 2297 subprimit
2085 2236 2212 2279 rur-

298 2320 518 2382 susque
547 2308 720 2378 terga
749 2307 986 2361 vertere
1016 2318 1198 2379 seque
1229 2301 1304 2361 ad
1342 2302 1629 2380 oppidum
1657 2301 1911 2363 Ilerdam
1944 2303 2218 2381 recipere

299 2394 359 2447 et
386 2384 498 2446 sub
527 2403 700 2446 muro
729 2386 1058 2445 consistere
1089 2386 1267 2461 cogit.
1329 2384 1447 2444 Sed
1478 2403 1667 2447 nonae
1708 2386 1963 2464 legionis
1996 2386 2216 2448 milites
2236 2395 2272 2445 2

300 2470 436 2532 elati
468 2470 694 2540 studio,
739 2468 881 2529 dum
923 2469 1149 2529 sarcire
1191 2474 1500 2546 acceptum
1544 2468 1968 2532 detrimentum
1996 2470 2220 2539 volunt,

299 2561 523 2615 temere
553 2555 810 2615 insecuti
838 2551 1075 2631 longius
1100 2552 1420 2630 fugientes,
1463 2553 1527 2612 in
1557 2552 1751 2615 locum
1781 2557 2053 2633 iniquum
2081 2573 2221 2634 pro·

302 2638 653 2715 grediuntur
682 2643 744 2698 et
771 2636 883 2699 sub
913 2643 1206 2707 montem,
1248 2637 1315 2696 in
1345 2653 1461 2716 quo
1492 2642 1622 2698 erat
1648 2638 1932 2717 oppidum
1959 2641 2221 2718 positum

303 2722 511 2792 Ilerda,
543 2721 891 2782 succedunt.
962 2722 1116 2783 Hinc
1145 2739 1209 2783 se
1251 2721 1526 2799 recipere
1549 2732 1693 2780 ‘cum
1721 2721 1965 2792 vellent,
2009 2742 2221 2784 rursus
2240 2731 2275 2782 3

303 2806 388 2865 illi
418 2824 491 2866 ex
520 2805 647 2866 loco
677 2808 988 2885 superiore
1018 2814 1254 2867 nostros
1281 2802 1657 2883 premebant.
1725 2804 2092 2885 Praeruptus
2130 2807 2217 2869 lo·
2238 2815 2277 2866 4

306 2906 407 2949 cus
436 2894 596 2958 erat,
638 2895 891 2968 utraque
923 2908 996 2951 ex
1032 2898 1202 2969 parte
1233 2890 1529 2958 directus,
1573 2905 1642 2949 ac
1671 2894 1898 2950 tantum
1930 2891 1993 2949 in
2022 2891 2220 2951 latitu-

306 2972 503 3033 dinem
533 2971 794 3051 patebat,
828 2979 894 3034 ut
920 2982 1048 3035 tres
1077 2976 1407 3035 instructae
1432 2972 1705 3033 cohortes
1728 2989 1864 3033 eum
1893 2972 2089 3034 locum
2118 2993 2219 3035 ex·

304 3056 562 3137 plerent,
615 3061 683 3116 ut
731 3074 925 3135 neque
969 3056 1239 3118 subsidia
1286 3075 1321 3117 a
1369 3056 1662 3117 lateribus
1700 3053 1975 3117 submitti
2024 3075 2220 3138 neque

306 3142 535 3220 equites
562 3138 969 3201 laborantibus
996 3143 1135 3201 usui
1165 3158 1295 3202 esse
1325 3148 1589 3219 possent.
1650 3140 1738 3202 Ab
1770 3139 1990 3219 oppido
2020 3148 2219 3203 autem
2239 3152 2275 3201 5

305 3224 546 3285 declivis
572 3224 739 3285 locus
768 3225 1200 3303 tenuisastigio
1219 3223 1505 3301 vergebat
1532 3227 1597 3285 in
1626 3224 2057 3302 longitudinem
2086 3242 2221 3303 pas·

305 3327 470 3370 suum
500 3308 744 3370 circiter
774 3319 963 3369 0000.
1032 3308 1156 3370 Hac
1184 3310 1406 3370 nostris
1434 3316 1564 3371 erat
1599 3315 1911 3388 receptus,
1961 3309 2118 3387 quod
2149 3326 2220 3369 eo
2240 3313 2276 3369 o

304 3394 534 3463 incitati
563 3392 761 3453 studio
790 3391 1183 3455 inconsultius
1210 3400 1658 3472 processerant;
1701 3392 1815 3454 hoc
1844 3392 2223 3472 pugnabatur

306 3476 446 3560 loco,
480 3484 540 3538 et
567 3482 816 3558 propter
839 3478 1142 3554 angustias
1169 3479 1379 3556 iniquo
1404 3483 1465 3537 et
1492 3478 1650 3557 quod
1681 3475 1793 3538 sub
1825 3479 1978 3556 ipsis
2007 3477 2225 3538 radici·

307 3558 410 3622 bus
436 3564 660 3622 montis
689 3562 1109 3631 constiterant,
1152 3568 1220 3621 ut
1248 3561 1481 3623 nullum
1521 3563 1745 3623 frustra
1786 3561 1972 3623 telum
2015 3564 2079 3623 in
2120 3577 2224 3622 eos

2225 3837 2460 4032 „s
