2750 4255
714 298 941 356 COMM.
968 299 1040 356 11.
1085 298 1239 356 CAP.
1266 300 1711 360 XIIII—XVIII.
2084 298 2167 365 51

215 484 418 548 posse
460 463 845 543 intellegunt,
888 465 962 527 ad
1005 465 1245 526 easdem
1287 465 1609 528 deditionis
1652 467 2032 530 condiciones
2072 488 2168 530 re-

217 557 513 611 currunt.

367 633 549 695 XVII.
608 633 683 696 M.
714 633 903 694 Varro
944 635 1008 694 in
1050 633 1337 694 ulteriore
1368 634 1655 713 Hispania
1695 636 1867 695 initio
1910 639 2213 713 cognitisl

219 718 312 779 iis
343 717 549 787 rebus,
583 736 733 797 quae
765 725 906 779 sunt
932 720 998 778 in
1026 717 1195 779 ItaIIa
1223 725 1446 794 gestae,
1485 717 1761 779 diffidens
1790 718 2170 800 Pompeianis

217 800 454 872 rebus,
504 803 866 863 amicissime
909 801 982 862 de
1029 801 1280 863 Caesare
1320 801 1701 882 loquebatur:
1765 821 2163 883 praeoccupa·
2186 813 2219 862 2

223 895 366 947 tum
423 903 553 947 sese
596 887 893 963 legatione
936 885 1009 946 ab
1053 885 1158 947 Cn.
1202 885 1514 967 Pompeio,
1568 889 1763 948 teneri
1815 886 2168 949 obstrictum

221 970 389 1039 fide;
444 969 948 1031 necessitudinem
999 970 1242 1050 quidem
1284 969 1405 1031 sibi
1457 971 1645 1032 nihilo
1684 974 1981 1033 minorem
2033 990 2168 1033 cum

224 1052 494 1114 Caesare
524 1054 934 1125 intercedere;
975 1072 1171 1133 neque
1201 1073 1265 1116 se
1306 1056 1615 1132 ignorare,
1660 1056 1818 1136 quod
1849 1063 2011 1118 esset
2037 1057 2167 1117 offi-

225 1140 403 1198 cium
434 1138 637 1216 legati,
669 1139 772 1218 qui
800 1138 1170 1198 fiduciariam
1200 1156 1444 1217 operam
1473 1137 1794 1210 obtineret,
1827 1158 1979 1220 quae
2008 1143 2169 1202 vires

226 1239 417 1292 suae,
477 1240 628 1302 quae
679 1221 950 1283 voluntas
1006 1239 1147 1301 erga
1201 1221 1512 1283 Caesarem
1563 1226 1744 1284 totius
1799 1227 2164 1305 provinciae.

226 1305 402 1366 Haec
431 1304 710 1367 omnibus
738 1305 975 1368 ferebat
1003 1306 1384 1367 sermonibus
1406 1324 1602 1386 neque
1633 1326 1695 1368 se
1727 1311 1790 1368 in
1819 1308 2000 1369 ullam
2027 1327 2162 1389 par—
2191 1328 2227 1378 3

229 1396 363 1450 tem
402 1389 698 1450 movebat.
767 1389 979 1451 Postea
1008 1409 1179 1461 vero,
1220 1409 1353 1451 cum
1387 1391 1699 1452 Caesarem
1741 1392 1814 1453 ad
1843 1392 2165 1453 Massiliam
2187 1404 2222 1452 4

230 1473 506 1534 detineri
535 1476 831 1552 cognovit,
863 1475 1066 1554 copias
1087 1474 1286 1535 Petrei
1315 1493 1453 1536 cum
1483 1477 1749 1537 exercitu
1771 1476 2001 1537 Afranii
2034 1494 2167 1537 esse

232 1559 621 1629 coniunctaS,
651 1575 864 1636 magna
894 1558 1113 1619 auxilia
1141 1560 1519 1630 convenisse,
1562 1577 1774 1638 magna
1804 1578 1936 1621 esse
1965 1562 2028 1621 in
2058 1577 2167 1640 spe

232 1649 414 1722 atque
446 1643 748 1722 expectari
790 1651 851 1703 et
880 1645 1221 1705 consentire
1263 1662 1501 1705 omnem
1540 1645 1884 1705 citeriorem
1922 1648 2166 1725 provin-

233 1728 422 1797 ciam,
476 1744 744 1806 quaeque
785 1733 990 1807 postea
1033 1727 1402 1798 acciderant,
1457 1729 1531 1789 de
1573 1730 1864 1807 angustiis
1905 1729 1978 1789 ad
2017 1729 2164 1790 Iler·

236 1809 375 1870 dam
405 1812 497 1875 rei
525 1810 986 1880 frumentariae,
1030 1814 1292 1892 accepit,
1333 1819 1509 1891 atque
1523 1811 1685 1873 baec
1715 1813 1789 1873 ad
1819 1831 1955 1873 eum
1984 1811 2165 1876 latius

237 1901 418 1974 atque
449 1893 716 1954 inflatius
732 1894 1015 1956 Afranius
1043 1894 1478 1972 perscribebat,
1509 1913 1575 1956 se
1604 1914 1840 1975 quoque
1870 1896 1945 1956 ad
1972 1903 2167 1958 motus

236 1978 512 2039 fortunae
542 1994 782 2036 movere
811 1978 1025 2057 coepit.

367 2059 570 2122 XVIII.
659 2059 969 2121 Delectum
1007 2058 1218 2121 habuit
1269 2068 1391 2122 tota
1429 2063 1765 2141 provincia,
1822 2062 2164 2141 legionibus
2187 2075 2217 2124 1

239 2145 549 2225 completis
593 2143 825 2207 duabus
865 2144 1145 2206 cohortes
1185 2145 1431 2206 circiter
1470 2159 1623 2206 xxx
1662 2147 1875 2208 alarias
1914 2147 2162 2210 addidit.

240 2231 554 2292 Frumenti
582 2247 864 2308 magnum
893 2247 1208 2290 numerum
1238 2231 1451 2307 coegit,
1483 2229 1640 2308 quod
1670 2230 2162 2308 Massiliensibus,

242 2318 381 2376 item
425 2313 583 2394 quod
613 2313 857 2380 Afranio
885 2313 1243 2393 Petreioque
1284 2316 1573 2375 mitteret.
1650 2314 1841 2376 Naves
1881 2315 2087 2394 longas
2114 2329 2169 2377 x,

244 2399 547 2460 Gaditanis
574 2404 644 2460 ut
664 2399 935 2461 facerent
962 2399 1295 2478 imperavit,
1328 2399 1666 2479 complures
1691 2407 2004 2479 praeterea
2035 2396 2160 2482 [in]

245 2482 463 2562 Hispali
487 2483 791 2544 faciendas
813 2485 1061 2545 curavit.
1102 2482 1427 2543 Pecuniam
1455 2501 1692 2544 omnem
1718 2486 2034 2564 omniaque
2064 2503 2158 2546 or·
2182 2496 2215 2546 2

246 2575 516 2628 namenta
558 2585 630 2628 ex
660 2568 799 2628 fano
828 2565 1105 2636 Herculis
1144 2568 1209 2627 in
1239 2567 1523 2648 oppidum
1554 2567 1734 2629 Gadis
1764 2568 2048 2640 contulit;
2090 2587 2163 2630 eo

249 2670 344 2712 sex
373 2650 649 2713 cohortes
676 2651 965 2731 praesidii
994 2669 1172 2712 causa
1201 2669 1274 2713 ex
1301 2653 1610 2736 provincia
1639 2653 1807 2713 misit
1833 2653 2162 2734 Gaiumque

251 2735 579 2797 Gallonium
608 2737 870 2815 equitem
898 2735 1231 2796 Romanum
1259 2736 1619 2797 familiarem
1647 2735 1924 2807 Domitii,
1956 2739 2061 2819 qui
2091 2755 2163 2799 eo

250 2818 650 2900 procurandae
690 2819 1042 2880 hereditatis
1081 2837 1258 2881 causa
1286 2830 1532 2880 venerat
1558 2821 1779 2882 missus
1818 2840 1852 2882 a
1882 2820 2161 2892 Domitio,

254 2903 463 2984 oppido
496 2900 760 2965 Gadibus
788 2903 1112 2996 praefecit3
1143 2921 1308 2963 arma
1338 2905 1538 2964 omnia
1566 2905 1796 2981 privata
1826 2923 1895 2965 ac
1922 2902 2163 2983 publica

250 2990 307 3049 in
335 2988 572 3049 domum
604 2985 832 3048 Galloni
874 2985 1143 3049 contulit.
1202 2984 1336 3064 Ipse
1366 2985 1579 3047 habuit
1606 3002 1820 3063 graves
1852 2984 2157 3048 in'Caesa·
2180 2998 2218 3048 3

252 3091 368 3133 rem
410 3072 740 3132 contioneS.
809 3069 1000 3149 Saepe
1042 3089 1114 3130 ex
1151 3069 1442 3131 tribunali
1474 3069 1869 3150 praedicavit,
1914 3070 2163 3133 adversa

254 3155 548 3217 Caesarem
589 3153 821 3234 proelia
850 3155 1101 3225 fecisse,
1141 3171 1423 3232 magnum
1453 3172 1768 3216 numerum
1797 3153 1872 3215 ab
1904 3173 1976 3215 eo
2005 3154 2162 3216 mili-

255 3248 366 3301 tum
390 3239 463 3301 ad
486 3239 796 3301 Afranium
826 3238 1190 3319 perfugisse:
1221 3238 1369 3300 haec
1392 3257 1456 3299 se
1486 3240 1671 3300 certis
1699 3240 1945 3322 nuntiis,
1978 3239 2161 3300 certis

211 3379 216 3385 .
255 3322 581 3386 auctoribus
630 3324 1016 3403 comperisse.
1097 3323 1326 3394 Quibus
1374 3322 1560 3384 rebus
1607 3325 1963 3403 perterritos
2012 3324 2155 3384 civis
2177 3331 2214 3383 4

255 3408 530 3470 Romanos
584 3410 713 3469 eius
752 3409 1094 3487 provinciae
1141 3406 1260 3471 sibi
1313 3408 1388 3469 ad
1428 3408 1859 3488 rempublicam
1908 3406 2159 3469 admini-

258 3493 544 3555 strandam
584 3491 680 3553 HS
721 3504 958 3553 CLXXX
999 3499 1061 3552 et
1101 3493 1333 3569 argenti
1370 3492 1569 3573 pondo
1598 3506 1697 3553 xx
1726 3491 1921 3564 milia,
1972 3493 2161 3554 tritici

258 3576 462 3638 modios
494 3589 634 3639 cxx
656 3577 827 3639 milia
845 3575 1116 3658 polliceri
1146 3578 1363 3655 coegit.
1407 3574 1564 3650 Quas
1581 3577 1817 3639 Caesari
1847 3595 1979 3640 esse
2009 3578 2152 3639 ami-
2176 3582 2211 3636 5

1674 3678 1750 3741 4.
