2750 4255
574 295 659 362 68
1218 303 1315 359 DE
1357 304 1589 362 BELLO
1636 304 1853 362 (21an

573 481 739 531 regno
785 469 1182 521 controversias
1229 485 1548 536 componere
1591 469 1783 534 vellet,
1835 471 1903 521 ab
1947 469 2160 522 Achilla
2209 469 2510 523 lacessitus

574 534 780 599 proelio
818 537 1065 600 superior
1099 537 1328 589 discedit
1367 538 1685 605 potiturque
1718 538 2023 589 Ptolemaeo
2055 553 2179 604 rege
2211 537 2512 603 Pharoque

573 602 754 654 insula
776 607 830 653 et
850 603 1146 655 Pothinum
1176 610 1576 675 procuratorem
1606 606 1760 670 regni
1790 604 2065 670 interficit,
2101 623 2145 656 c.
2170 604 2510 657 CV—CXIL

523 730 553 779 1
701 722 746 782 Ι.
792 721 1094 784 Dictatore
1134 722 1393 785 habente
1434 725 1674 785 comitia
1705 725 1956 786 Caesare
1986 725 2259 786 consules
2288 742 2509 786 crean-

572 813 673 865 tur
700 805 889 868 Iulius
919 807 1134 869 Caesar
1164 815 1224 868 et
1253 807 1316 868 P.
1355 808 1668 869 Servilius:
1700 811 1754 870 is
1784 811 1944 870 enim
1978 816 2112 870 erat
2141 826 2348 878 annus,
2382 827 2509 889 quo

517 899 548 947 2
573 908 685 970 per
725 890 889 968 leges
932 893 989 951 ei
1033 891 1337 952 consulem
1383 893 1515 952 fieri
1546 892 1775 953 liceret.
1833 893 1943 954 His
1973 891 2158 953 rebus
2187 893 2506 963 confectiS,

575 993 710 1035 cum
738 975 889 1036 fides
916 981 1037 1036 tota
1066 975 1231 1036 ltalia
1262 983 1420 1036 esset
1450 980 1756 1055 angustior
1798 995 1994 1056 neque
2024 975 2289 1038 creditae
2318 994 2509 1055 pecu-

573 1061 709 1119 niae
740 1058 1139 1129 solverentur,
1173 1062 1509 1130 constituit,
1542 1068 1608 1121 ut
1637 1061 1851 1122 arbitri
1882 1061 2201 1132 darentur;
2259 1078 2369 1139 per
2401 1079 2510 1121 eos

574 1144 789 1203 fierent
811 1145 1255 1205 aestimationes
1274 1146 1720 1223 possessionum
1746 1154 1806 1206 et
1827 1163 2052 1216 rerum,
2079 1147 2292 1224 vquanti
2319 1162 2508 1224 quae·

575 1244 691 1307 que
733 1244 939 1287 earum
978 1236 1113 1289 ante
1157 1227 1382 1289 bellum
1420 1230 1667 1299 fuisset,
1723 1236 1898 1310 atque
1942 1230 2055 1290 hae
2099 1228 2508 1290 creditoribus

524 1320 555 1368 3
579 1310 981 1373 traderentur.
1050 1313 1175 1373 Hoc
1205 1320 1266 1374 et
1295 1313 1370 1374 ad
1398 1315 1677 1374 timorem
1706 1332 1993 1375 novarum
2021 1312 2360 1374 tabularum
2387 1313 2505 1374 tol-

575 1394 820 1457 lendum
859 1397 1397 1476 minuendumque,
1441 1400 1545 1477 qui
1587 1400 1716 1459 fere
1757 1397 1915 1459 bella
1944 1405 2007 1458 et
2034 1397 2242 1458 civiles
2270 1396 2505 1458 dissen-

575 1482 771 1541 siones
811 1483 982 1560 sequi
1024 1484 1362 1552 consuevit,
1408 1488 1470 1542 et
1506 1482 1580 1542 ad
1612 1482 1952 1543 debitorum
1981 1482 2262 1542 tuendam
2292 1483 2503 1542 existi-

520 1572 556 1620 4
575 1564 895 1624 mationem
926 1582 1056 1625 esse
1088 1567 1468 1644 aptissimum
1490 1568 1870 1628 existimavit.
1915 1566 2183 1645 Itemque
2206 1568 2504 1646 praetori-

576 1647 690 1708 bus
720 1648 1098 1726 tribunisque
1140 1647 1339 1728 plebis
1379 1652 1719 1728 rogationes
1749 1651 1822 1711 ad
1850 1649 2136 1730 populum
2164 1649 2506 1711 ferentibus

577 1731 890 1792 nonnullos
921 1731 1181 1793 ambitus
1209 1732 1492 1813 Pompeia
1526 1734 1658 1811 lege
1699 1734 2007 1796 damnatos
2049 1734 2173 1795 illis
2215 1737 2505 1814 tempori-

577 1814 709 1885 buS,
742 1814 962 1895 quibus
990 1817 1055 1876 in
1086 1816 1236 1878 urbe
1265 1817 1568 1896 praesidia
1596 1818 1899 1896 legionum
1926 1818 2248 1898 Pompeius
2276 1817 2505 1880 habue-

576 1907 690 1970 rat,
721 1918 873 1980 quae
902 1900 1126 1962 iudicia
1155 1902 1290 1964 aliis
1319 1902 1703 1964 audientibus
1733 1903 2063 1973 iudicibus,
2096 1903 2233 1964 aliis
2262 1910 2505 1963 senten-

576 1986 723 2046 tiam
742 1984 1081 2047 ferentibus
1103 1987 1356 2065 singulis
1379 1985 1593 2049 diebus
1613 1995 1785 2048 erant
1803 1989 2092 2067 perfecta,
2114 1989 2178 2049 in
2200 1989 2509 2064 integrum

577 2071 874 2141 restituit,
918 2073 1022 2151 qui
1064 2089 1127 2133 se
1167 2072 1257 2133 illi
1298 2073 1474 2133 initio
1504 2072 1696 2134 civilis
1726 2071 1869 2133 belli
1900 2071 2267 2152 optulerunt,
2315 2074 2368 2133 si
2398 2089 2507 2133 sua

578 2172 760 2234 opera
798 2157 863 2215 in
902 2154 1061 2216 bello
1100 2160 1189 2218 uti
1229 2156 1433 2228 vellet,
1478 2157 1730 2236 proinde
1772 2158 2120 2227 aestimans,
2165 2175 2232 2217 ac
2273 2158 2326 2217 si
2357 2174 2506 2217 usus

526 2247 558 2296 5
583 2246 770 2310 esset,
806 2242 1087 2319 quoniam
1117 2242 1210 2301 sui
1240 2241 1527 2302 fecissent
1555 2248 1929 2321 potestatem.
1991 2240 2293 2302 Statuerat
2320 2241 2505 2310 enim,

578 2325 750 2402 prius
789 2323 901 2383 hos
930 2323 1155 2384 iudicio
1196 2324 1405 2403 populi
1447 2324 1668 2386 dehere
1702 2327 1941 2387 restitui
1971 2343 2148 2405 quam
2180 2344 2289 2386 suo
2319 2325 2506 2385 bene-

578 2408 718 2467 ficio
746 2406 939 2466 videri
969 2414 1273 2485 receptos,
1315 2426 1391 2468 ne
1435 2417 1536 2469 aut
1569 2412 1841 2487 ingratus
1868 2412 1933 2470 111
1963 2410 2279 2470 referenda
2309 2411 2510 2487 gratia

584 2497 685 2552 aut
715 2506 1000 2567 arrogans
1028 2492 1093 2551 111
1121 2493 1544 2571 praeripiendo
1573 2493 1778 2573 populi
1808 2493 2099 2554 beneficio
2127 2493 2451 2555 videretur.

531 2583 560 2632 1
710 2574 786 2635 11.
841 2573 952 2635 His
990 2574 1173 2637 rebus
1214 2583 1276 2636 et
1312 2577 1487 2637 feriis
1526 2578 1757 2639 Latinis
1808 2579 2186 2658 comitiisque
2225 2577 2514 2638 omnibus

580 2657 966 2738 perficiendis
997 2672 1073 2718 x1
1103 2660 1233 2721 dies
1270 2660 1489 2721 tribuit
1527 2662 1937 2742 dictaturaque
1978 2680 2042 2723 se
2075 2661 2309 2723 abdicat
2338 2668 2401 2722 et
2427 2661 2509 2722 ab

526 2751 560 2801 2
583 2743 732 2803 urbe
769 2743 1171 2823 proficiscitur
1212 2744 1718 2826 Brundisiumque
1758 2748 2050 2825 pervenit.
2111 2746 2198 2807 Eo
2237 2746 2512 2824 legiones

580 2842 716 2898 XII,
764 2828 1090 2908 equitatum
1131 2847 1368 2891 omnem
1408 2832 1614 2890 venire
1656 2833 1932 2892 iusserat.
1993 2829 2112 2891 Sed
2140 2838 2369 2891 tantum
2397 2847 2508 2892 na-

580 2915 745 2974 vium
774 2915 1022 2993 reperit,
1053 2920 1121 2973 ut
1151 2922 1397 2991 anguste
1419 2928 1517 2976 xv
1536 2914 1704 2976 milia
1732 2915 2197 2993 legionariorum
2227 2915 2505 2985 militum,

581 3009 675 3057 Dc
705 3000 939 3077 equites
977 3002 1370 3078 transportari
1411 3006 1674 3079 possent:
1733 2998 1858 3059 Hoc
1898 3017 2083 3060 unum
2127 2997 2358 3080 [inopia
2398 3017 2507 3059 na-

583 3080 775 3163 vium]
840 3082 1079 3143 Caesari
1138 3082 1212 3143 ad
1269 3082 1638 3143 celeritatem
1689 3084 2039 3144 conficiendi
2097 3082 2239 3144 belli
2292 3084 2506 3145 defuit.

530 3172 562 3221 a
586 3169 776 3246 Atque
816 3166 926 3226 hae
968 3168 1135 3245 ipsae
1173 3169 1381 3246 copiae
1423 3166 1536 3227 hoc
1563 3165 2067 3246 infrequentiores
2095 3169 2505 3248 imponuntur,

583 3251 742 3329 quod
783 3250 957 3310 multi
990 3250 1235 3312 Gallicis
1262 3257 1352 3310 tot
1381 3249 1552 3309 bellis
1583 3250 1954 3323 defecerant,
1998 3252 2355 3333 longumque
2384 3254 2509 3312 iter

585 3353 658 3395 ex
710 3332 993 3412 Hispania
1041 3351 1322 3412 magnum
1371 3352 1689 3396 numerum
1739 3336 2139 3407 deminuerat,
2195 3344 2257 3397 et
2306 3339 2507 3414 gravis

584 3424 904 3479 autumnus
931 3419 995 3478 in
1025 3418 1237 3499 Apulia
1282 3419 1625 3499 circumque
1656 3420 2045 3482 Brundisium
2078 3439 2152 3481 ex
2182 3420 2506 3483 saluberri-

583 3503 700 3563 mis
739 3500 964 3562 Galliae
1010 3510 1070 3563 et
1114 3502 1437 3582 Hispaniae
1487 3503 1838 3583 regionibus
1889 3523 2123 3567 omnem
2176 3507 2509 3568 exercitum

584 3586 908 3648 valitudine
940 3593 1350 3670 temptaverat.
