2750 4255
665 308 752 377 82
1314 315 1411 370 DE
1455 314 1685 371 nmmo
1732 314 1948 372 cmm

669 483 824 546 Lissi
888 482 1199 562 relinquit,
1257 483 1369 543 hoc
1446 482 1722 552 consilio,
1785 489 1878 552 ut,
1950 483 2002 543 si
2064 483 2217 543 forte
2279 481 2628 562 Pompeius

668 586 910 631 vacuam
942 567 1282 630 existimans
1309 566 1544 627 Italiam
1578 585 1649 627 eo
1677 569 2017 628 traiecisset
2043 569 2407 638 exereitum,
2463 585 2625 647 quae

669 656 874 734 opinio
904 660 1033 713 erat
1071 652 1226 713 edita
1255 651 1316 711 in
1357 651 1598 728 vulguS,
1641 651 1899 730 aliquam
1928 650 2145 712 Caesar
2176 652 2249 712 ad
2279 653 2629 732 insequen-

670 740 811 800 dum
851 737 1191 799 facultatem
1242 734 1522 805 haberet,
1586 739 1942 815 nuntiosque
1997 734 2069 795 ad
2129 753 2267 796 eum
2318 736 2631 796 celeriter

670 824 883 892 mittit,
928 820 1148 901 quibus
1176 819 1527 898 regionibus
1560 820 1888 881 exercitum
1934 821 2310 899 exposuisset
2352 828 2418 880 et
2472 820 2633 900 quid

669 908 925 969 militum
962 907 1410 965 transvexisset.

619 998 649 1048 ι
800 990 988 1052 XXX.
1048 988 1208 1049 Haec
1240 989 1450 1049 eodem
1480 989 1608 1049 fere
1648 995 1921 1069 tempore
1950 989 2166 1050 Caesar
2213 995 2394 1066 atque
2432 988 2627 1050 Pom·

670 1078 843 1155 peius
897 1079 1280 1150 cognoscunt.
1369 1072 1519 1134 Nam
1561 1079 2001 1151 praetervectas
2039 1073 2411 1150 Apolloniam
2465 1073 2627 1153 Dyr·

672 1158 1102 1236 rhachiumque
1134 1174 1311 1218 naves
1340 1157 1631 1226 viderant,
1664 1157 1781 1237 ipsi
1808 1159 1924 1218 iter
1945 1157 2274 1217 secundum
2304 1174 2409 1217 eas
2443 1164 2625 1218 terra

673 1244 1046 1312 direxerant,
1103 1243 1207 1303 sed
1259 1259 1377 1320 quo
1421 1247 1622 1302 essent
1675 1259 1779 1302 eae
1832 1241 2092 1311 delatae,
2147 1240 2352 1318 primis
2390 1239 2623 1303 diebus

619 1337 654 1386 2
676 1326 1049 1406 ignorabant.
1110 1326 1473 1405 Cognitaque
1507 1343 1573 1386 re
1604 1325 1840 1386 diversa
1871 1324 1985 1386 sibi
2019 1324 2194 1385 ambo
2224 1325 2487 1386 consilia
2523 1345 2619 1387 ca·

673 1415 877 1492 piunt:
938 1411 1172 1481 Caesar,
1204 1417 1272 1471 ut
1301 1429 1477 1490 quam
1511 1412 1772 1489 primum
1803 1429 1866 1470 se
1897 1427 2034 1470 cum
2063 1410 2317 1471 Antonio
2347 1412 2618 1471 coniun-

674 1501 859 1575 geret,
891 1495 1229 1574 Pompeius,
1273 1499 1342 1555 ut
1367 1494 1749 1555 venientibus
1792 1496 1854 1554 in
1896 1493 2108 1554 itinere
2151 1512 2215 1554 se
2247 1502 2613 1573 opponeret,
2672 1564 2673 1569 η

619 1590 652 1639 3
676 1584 727 1642 si
765 1579 1173 1656 imprudentes
1202 1597 1275 1638 ex
1313 1578 1549 1638 insidiis
1590 1578 1814 1638 adoriri
1853 1584 2087 1658 possen
2129 1578 2465 1657 eodemque
2516 1580 2615 1640 die

673 1670 925 1741 uterque
957 1681 1162 1722 eorum
1206 1680 1278 1722 ex
1323 1664 1537 1722 castris
1577 1663 1803 1722 stativis
1833 1682 1866 1724 a
1907 1662 2149 1723 flumine
2180 1662 2338 1741 Apso
2371 1663 2610 1724 exerci-

671 1756 800 1809 tum
832 1746 1119 1817 educunt,
1162 1745 1480 1825 Pompeius
1510 1746 1662 1806 clam
1693 1754 1753 1807 et
1786 1754 1997 1817 noctu,
2040 1747 2258 1808 Caesar
2286 1746 2488 1825 palam
2525 1757 2607 1810 at·

620 1841 656 1889 4
677 1849 791 1912 que
821 1831 1104 1891 interdiu.
1177 1829 1294 1891 Sed
1325 1830 1563 1892 Caesari
1605 1832 1862 1892 circuitu
1894 1831 2114 1892 maiore
2155 1833 2273 1891 iter
2303 1835 2437 1891 erat
2480 1833 2605 1893 lon·

675 1919 826 1994 gius,
860 1915 1109 1976 adverso
1137 1915 1404 1986 flumine,
1435 1921 1504 1976 ut
1521 1915 1669 1975 vado
1700 1915 1957 1977 transire
1984 1921 2221 1995 posset3
2252 1915 2601 1995 Pompeius,

674 2001 809 2080 quia
852 2000 1129 2080 expedito
1173 1999 1390 2061 itinere
1430 1999 1653 2061 flumen
1704 2002 1760 2061 ei
1811 1999 2237 2061 transeundum
2278 2018 2400 2060 non
2453 2009 2602 2070 erat,

622 2094 653 2145 5
676 2087 906 2163 magnis
934 2083 1258 2147 itineribus
1286 2085 1358 2146 ad
1393 2084 1710 2147 Antonium
1741 2084 2074 2156 contendit,
2119 2091 2296 2164 atque
2327 2102 2467 2146 eum
2498 2084 2602 2147 ubi

674 2172 1155 2250 appropinquare
1196 2169 1496 2247 cognovit,
1541 2170 1822 2231 idoneum
1861 2169 2059 2231 locum
2087 2176 2328 2240 nactus,
2375 2168 2465 2229 ibi
2504 2188 2601 2230 co·

673 2258 802 2334 pias
832 2255 1139 2314 collocavit
1161 2271 1419 2331 suosque
1447 2270 1652 2315 omnes
1679 2256 1968 2315 incastris
1989 2256 2283 2315 continuit
2310 2253 2602 2334 ignesque

620 2348 654 2399 6
675 2340 805 2399 fieri
836 2336 1169 2416 prohibuit,
1214 2355 1330 2415 quo
1360 2338 1650 2398 occultior
1691 2346 1850 2399 esset
1891 2340 2020 2399 eius
2062 2338 2366 2399 adventuS.
2441 2338 2602 2399 Haec

673 2422 744 2482 ad
775 2421 1096 2480 Antonium
1136 2422 1334 2481 statim
1375 2439 1486 2500 per
1517 2422 1773 2483 Graecos
1819 2422 2189 2483 deferuntur.
2261 2421 2366 2483 Ille
2399 2424 2603 2484 missis

674 2505 748 2565 ad
767 2504 1078 2566 Caesarem
1108 2503 1328 2565 nuntiis
1350 2523 1536 2565 unum
1562 2506 1720 2566 diem
1751 2524 1880 2568 sese
1912 2509 2126 2567 castris
2154 2505 2377 2576 tenuit;
2411 2504 2601 2567 altero

621 2597 655 2648 7
679 2589 775 2649 die
810 2588 880 2648 ad
912 2605 1048 2648 eum
1076 2590 1354 2665 pervenit
1379 2590 1615 2651 Caesar.
1670 2591 1852 2653 Cuius
1882 2591 2137 2652 adventu
2161 2590 2396 2669 cognito
2426 2590 2599 2652 Pom·

674 2674 875 2752 peius,
928 2690 1003 2732 ne
1061 2672 1293 2732 duobus
1333 2674 1904 2736 circumcluderetur
1954 2674 2349 2745 exercitibus,
2403 2693 2477 2734 ex
2530 2693 2599 2736 eo

673 2756 806 2817 loco
850 2754 1100 2817 discedit
1142 2756 1534 2838 omnibusque
1577 2761 1769 2839 copiis
1812 2759 1883 2820 ad
1916 2761 2307 2839 Asparagium
2338 2758 2597 2838 Dyrrha·

674 2841 988 2902 chinorum
1017 2844 1290 2921 pervenit
1320 2849 1496 2923 atque
1528 2842 1616 2903 ibi
1646 2844 1863 2904 idoneo
1893 2844 2022 2904 loco
2053 2851 2244 2904 castra
2277 2844 2461 2923 ponit.

626 2934 650 2985 ι
800 2924 1011 2987 ΧΧΧῙ.
1071 2925 1179 2987 His
1207 2927 1579 3006 temporibus
1607 2927 1810 3007 Scipio
1840 2928 2217 2988 detrimentis
2245 2926 2597 3007 quibusdam

672 3012 833 3071 circa
861 3016 1123 3070 montem
1155 3011 1442 3072 Amanum
1486 3014 1746 3091 acceptis
1791 3014 2215 3092 imperatorem
2243 3030 2309 3072 se
2340 3012 2595 3091 appella·

619 3102 652 3152 2
676 3103 860 3155 verat.
921 3092 1048 3163 Quo
1080 3096 1236 3156 facto
1267 3095 1610 3156 civitatibus
1641 3099 2026 3176 tyrannisque
2064 3113 2309 3174 magnas
2339 3098 2595 3174 impera-

671 3186 837 3239 verat
878 3181 1193 3257 pecuniaS,
1238 3181 1380 3239 item
1414 3179 1488 3238 ab
1523 3179 1856 3258 publicanis
1885 3199 2027 3241 suae
2056 3180 2395 3259 provinciae
2429 3180 2594 3242 debi-

669 3269 790 3323 tam
832 3261 1058 3322 biennii
1100 3265 1416 3341 pecuniam
1461 3270 1742 3341 exegerat
1783 3271 1844 3325 et
1885 3265 1958 3326 ab
2000 3265 2189 3325 isdem
2232 3267 2595 3344 insequentis

672 3347 812 3406 anni
857 3355 1121 3406 mutuam
1162 3353 1553 3425 praeceperat
1582 3350 1930 3428 equitesque
1971 3351 2081 3409 toti
2111 3351 2455 3427 provinciae
2483 3352 2591 3411 im·

615 3437 651 3485 3
675 3437 1005 3506 peraverat.
1066 3428 1298 3499 Quibus
1326 3434 1566 3503 coactis,
1601 3433 1871 3493 finitimis
1899 3432 2169 3493 hostibus
2199 3432 2436 3493 Parthis
2466 3443 2593 3512 post

672 3529 737 3571 se
770 3510 1013 3582 relictis,
1046 3516 1150 3592 qui
1181 3513 1355 3590 paulo
1389 3523 1522 3576 ante
1554 3516 1630 3577 M.
1649 3518 1925 3579 Crassum
1958 3519 2378 3596 imperatorem
2411 3520 2589 3580 inter·
2664 3557 2665 3564 κ

669 3595 942 3656 fecerant
970 3601 1029 3656 et
1067 3597 1144 3658 Μ.
1175 3597 1452 3661 Bibulum
1490 3600 1550 3661 in
1583 3600 1893 3662 obsidione
1922 3599 2287 3672 habuerant,
2331 3601 2589 3682 legiones

187 3837 592 4143 X
