2750 4255
576 249 665 317 30
1220 256 1318 313 DE
1359 255 1591 314 santo
1638 256 1857 314 cmm

576 421 968 503 Petreiusque
996 423 1385 502 perveniunt,
1428 441 1506 484 ne
1541 425 1785 485 omnino
1824 424 2127 485 frumento
2164 423 2583 504 pabuloque

576 506 1149 578 Intercluderentur,
1195 507 1354 587 quod
1395 507 1644 568 multum
1683 508 1903 569 Caesar
1943 510 2208 588 equitatu
2247 508 2575 569 valebat.

575 591 782 670 Itaque
815 594 1186 652 constituunt
1224 593 1343 670 ipsi
1382 588 1484 653 his
1523 591 1672 653 locis
1712 592 2006 652 excedere
2046 600 2110 653 et
2146 595 2213 652 in
2245 592 2577 653 Celtibe-

523 677 733 736 8riam
793 673 1018 738 bellum
1074 676 1424 738 transferre.
1522 675 1678 736 Huic
1734 676 1986 738 consilio
2045 675 2574 753 subtragabatm:

576 760 758 820 etiam
783 759 886 820 illa
915 777 1034 829 res,
1065 758 1243 839 quod,
1275 777 1350 820 ex
1378 757 1610 820 duobus
1640 763 1959 821 contrariis
1988 759 2319 838 generibus
2350 777 2573 840 quae

574 845 893 922 superiore,
928 842 1087 904 bello
1128 860 1266 904 cum
1305 842 1575 904 Sertorio
1614 851 1901 906 steterant
1952 847 2256 914 civitates,
2309 847 2571 905 victae

572 944 792 988 nomen
820 933 998 1005 atque
1038 928 1362 1006 imperium
1405 926 1670 989 absentis
1698 929 1944 1008 Pompei
1979 928 2304 998 timebant,
2349 945 2566 1008 quae

573 1012 640 1071 in
670 1012 934 1072 amicitia
962 1018 1323 1080 manserant,
1354 1014 1588 1089 magnis
1611 1012 1879 1073 adfectae
1909 1012 2223 1074 beneficiis
2246 1030 2388 1097 eum
2422 1013 2564 1072 di-

571 1092 868 1173 ligebant,
913 1094 1186 1156 Caesaris
1215 1103 1413 1156 autem
1443 1104 1573 1157 erat
1614 1097 1680 1156 in
1719 1095 1995 1158 barbaris
2034 1114 2252 1157 nomen
2284 1094 2559 1156 obscu-

518 1186 554 1235 4
574 1181 722 1241 rius,
774 1178 887 1240 Hic
915 1196 1160 1256 magnos
1182 1181 1482 1260 equitatus
1504 1197 1834 1260 magnaque
1858 1181 2082 1241 auxilia
2106 1179 2556 1258 expectabant

521 1270 634 1324 bet
663 1264 788 1324 suis
819 1263 978 1325 locis
1018 1262 1243 1325 bellum
1282 1266 1346 1324 in
1389 1263 1648 1325 hiemem
1698 1264 1919 1326 ducere
1949 1263 2312 1342 cogitabant.
2378 1263 2554 1324 Hoc

558 1349 724 1409 ¹inito
767 1346 1016 1409 consilio
1067 1355 1194 1410 toto
1243 1348 1488 1408 flumine
1535 1347 1762 1409 Hibero
1816 1366 1997 1409 naves
2038 1349 2406 1428 conquirere
2467 1353 2552 1408 et

573 1431 927 1509 Octogesam
966 1431 1180 1493 adduci
1218 1431 1451 1492 iubent.
1523 1431 1590 1492 ld
1633 1441 1761 1494 erat
1807 1433 2094 1512 oppidum
2134 1433 2406 1512 positum
2444 1431 2544 1492 ad

493 1524 553 1573 -6
574 1515 865 1577 Hiberum
905 1516 1189 1595 miliaque
1239 1532 1523 1594 passuum
1564 1533 1598 1576 a
1640 1518 1856 1576 castris
1906 1516 2113 1576 aberat
2163 1529 2336 1575 xxx.
2423 1515 2541 1576 Ad

572 1616 711 1660 eum
737 1599 935 1659 locum
958 1598 1222 1659 fluminis
1240 1598 1494 1660 navibus
1523 1600 1748 1658 iunctis
1777 1605 2023 1676 pontem
2049 1600 2352 1676 imperant
2373 1600 2536 1659 fieri

570 1683 957 1760 legionesque
999 1681 1148 1742 duas
1177 1682 1401 1743 flumen
1430 1682 1689 1743 Sicorim
1728 1680 2084 1750 traducunt,
2134 1688 2331 1741 castra
2374 1701 2529 1742 mu-

572 1767 747 1826 niunt
775 1764 928 1826 vallo
956 1765 1177 1844 pedum
1207 1779 1333 1826 ΧΠ.

523 1857 552 1907 1
700 1848 881 1910 LXII.
942 1847 1069 1919 Qua
1097 1867 1165 1910 re
1195 1867 1306 1929 per
1336 1847 1746 1928 exploratores
1775 1849 2018 1926 cognita
2040 1866 2269 1910 summo
2299 1847 2521 1910 labore

571 1935 832 1996 militum
862 1932 1079 1996 Caesar
1108 1936 1458 1995 continuato
1488 1933 1647 1994 diem
1686 1939 2051 2013 noctemque
2082 1951 2265 2013 opere
2298 1935 2364 1993 in
2394 1934 2514 1993 ssu-

571 2021 736 2081 mine
763 2018 1088 2081 avertendo
1116 2018 1234 2080 huc
1263 2021 1386 2080 iam
1413 2017 1734 2078 reduxerat
1775 2035 1937 2088 rem,
1984 2023 2053 2078 ut
2082 2020 2349 2097 equites,
2392 2019 2509 2077 etsi

574 2103 904 2166 difficulter
943 2110 1121 2184 atque
1161 2120 1339 2181 aegre
1380 2101 1594 2173 fiebat,
1642 2108 1892 2182 possent
1940 2108 2139 2162 tamen
2182 2108 2359 2180 atque
2402 2119 2507 2162 au·

513 2197 548 2246 2
571 2189 786 2250 derent
811 2187 1035 2249 flumen
1056 2190 1337 2256 transire,
1369 2186 1606 2267 pedites
1628 2205 1770 2247 vero
1802 2184 2208 2247 tantummodo
2237 2185 2508 2246 humeris

574 2292 643 2335 ac
684 2290 918 2334 summo
946 2278 1188 2351 pectore
1220 2279 1493 2332 extarent
1534 2279 1595 2331 et
1634 2288 1772 2331 cum
1804 2269 2120 2330 altitudine
2151 2286 2339 2348 aquae
2380 2277 2506 2329 tum

574 2358 753 2417 etiam
792 2356 1115 2435 rapiditate
1153 2356 1423 2417 fluminis
1463 2355 1536 2417 ad
1586 2354 2020 2416 transeundum
2063 2354 2503 2433 inpedirentur.

519 2448 553 2498 3
575 2440 692 2501 Sed
742 2446 942 2501 tamen
985 2441 1195 2501 eodem
1235 2442 1362 2501 fere
1415 2448 1688 2518 tempore
1728 2456 1881 2519 pons
1928 2440 1993 2498 in
2037 2437 2265 2498 Hibero
2320 2450 2505 2516 prope

573 2524 821 2587 effectus
849 2524 1238 2585 nuntiabatur
1268 2531 1330 2585 et
1360 2526 1425 2585 in
1458 2523 1659 2584 Sicori
1689 2524 1905 2584 vadum
1934 2521 2379 2601 reperiebatur.

522 2618 551 2666 1
699 2607 903 2670 LXIII.
970 2608 1096 2670 Iam
1126 2626 1267 2669 vero
1303 2627 1374 2669 eo
1416 2610 1607 2685 magis
1652 2608 1741 2669 illi
1788 2606 2206 2669 maturandum
2246 2608 2365 2666 iter
2405 2623 2502 2665 ex-

571 2691 934 2753 istimabant.
982 2692 1189 2772 Itaque
1221 2691 1454 2753 duabus
1474 2691 1870 2754 auxiliaribus
1900 2689 2248 2752 cohortibus
2277 2689 2502 2749 ilerdae

572 2776 875 2858 praesidio
928 2776 1159 2838 relictis
1208 2776 1484 2838 omnibus
1534 2779 1728 2856 copiis
1775 2776 2034 2837 Sicorim
2081 2780 2395 2835 transeunt
2444 2778 2502 2832 et

573 2879 709 2923 cum
734 2860 990 2922 -duabus
1033 2861 1407 2939 legionibus,
1458 2878 1606 2941 quas
1656 2858 2076 2939 superioribus
2127 2858 2340 2919 diebus
2385 2865 2498 2917 tra-

521 2954 556 3003 2
578 2946 900 3012 duxerant.
951 2952 1146 3008 castra
1195 2948 1474 3023 iungunt.
1546 2942 2020 3023 Relinquebatur
2054 2943 2293 3004 Caesari
2338 2941 2495 3009 nihil,

572 3030 690 3091 nisi
729 3030 820 3090 uti
862 3031 1132 3110 equitatu
1176 3048 1389 3108 agmen
1434 3030 1912 3090 adversariorum
1950 3027 2107 3088 male
2152 3026 2402 3087 haberet
2444 3031 2498 3085 et

573 3119 870 3192 carperet.
917 3114 1075 3175 Pons
1099 3116 1263 3175 enim
1293 3116 1489 3193 ipsius
1507 3131 1788 3190 magnum
1801 3114 2120 3173 circuitum
2152 3108 2421 3178 habebat,
2436 3116 2496 3169 ut

572 3197 760 3276 multo
792 3196 1072 3259 breviore
1103 3201 1322 3259 itinere
1353 3197 1440 3259 illi
1465 3198 1539 3259 ad
1570 3197 1865 3258 Hiberum
1893 3196 2213 3275 pervenire
2247 3199 2491 3272 possent.

519 3290 553 3340 3
576 3282 824 3362 Equites
855 3280 930 3342 ab
971 3299 1043 3342 eo
1085 3284 1253 3344 missi
1295 3282 1520 3343 flumen
1558 3288 1872 3342 transeunt
1915 3287 2006 3350 et,
2049 3294 2187 3337 cum
2230 3278 2305 3337 de
2334 3279 2493 3337 tertia

574 3367 778 3445 vigilia
805 3366 1081 3428 Petreius
1123 3375 1301 3448 atque
1325 3366 1610 3427 Afranius
1640 3374 1836 3427 castra
1870 3364 2213 3430 movissent,
2261 3369 2491 3439 repente

573 3469 706 3513 sese
749 3450 822 3511 ad
865 3454 1258 3513 novissimum
1289 3468 1504 3528 agmen
1532 3449 1855 3511 ostendunt
1895 3454 1955 3508 et
1995 3462 2210 3522 magna
2240 3445 2490 3506 multitu·

573 3534 714 3597 dine
744 3537 1114 3598 circumfusa
1147 3537 1371 3596 morari
1404 3542 1584 3616 atque
1614 3535 1734 3594 iter
1762 3531 2060 3616 impedire
2091 3530 2401 3611 incipiunt.

198 3587 465 3684 ἢ
