2750 4255
610 320 836 378 COMM.
865 323 962 380 111.
1007 322 1160 378 CAP.
1188 323 1909 382 XXXXV—XXXXVIIII.
2127 317 2209 383 91

283 487 462 548 fectis
491 499 539 546 v
568 489 808 548 omnino
838 506 1082 549 suorum
1113 490 1349 549 amissis
1366 491 1741 568 quietissime
1764 505 1828 549 se
1853 495 2214 568 receperunt

284 571 581 651 pauloque
612 574 766 632 citra
796 590 947 635 eum.
975 573 1168 633 locum
1199 575 1416 634 morati
1447 573 1581 634 aliis
1610 573 2059 654 comprehensis
2089 572 2211 634 col*

282 654 445 716 libus
473 656 838 716 munitiones
867 658 1274 735 perfecerunt.

411 738 758 799 XXXXVII.
815 739 959 801 Erat
987 758 1137 801 nova
1168 748 1229 800 et
1268 742 1553 801 inusitata
1594 740 1740 801 belli
1769 742 1927 801 ratio
1957 758 2094 800 cum
2121 747 2209 801 tot
2233 750 2263 800 1

280 821 663 884 castellorum
693 841 944 884 numero
985 831 1270 903 tantoque
1302 826 1494 903 spatio
1540 832 1601 884 et
1640 827 1822 885 tantis
1861 826 2209 885 munitioni-

284 905 400 966 bus
429 913 492 966 et
521 913 644 966 toto
676 905 1009 968 obsidionis
1037 925 1288 986 genere,
1333 914 1463 968 tum
1493 911 1673 970 etiam
1708 907 1962 987 reliquis
2003 906 2209 967 rebus.

284 989 436 1050 Nam
465 992 826 1070 quicumque
858 992 1113 1052 alterum
1143 991 1426 1053 obsidere
1456 994 1653 1053 conati
1692 999 1858 1062 sunt,
1900 992 2211 1071 perculsos
2230 1001 2264 1050 2

284 1081 461 1153 atque
506 1075 774 1135 infirmos
824 1076 1026 1137 hostes
1070 1075 1265 1135 adorti
1316 1083 1418 1136 aut
1462 1076 1695 1155 proelio
1745 1084 2056 1155 superatos
2109 1082 2212 1135 aut

283 1158 481 1237 aliqua
525 1158 850 1220 offensione
895 1167 1198 1238 permotos
1238 1161 1693 1230 continuerunt,
1747 1178 1880 1220 cum
1936 1162 2055 1241 ipsi
2100 1177 2211 1221 nu-

282 1260 450 1303 mero
482 1245 751 1322 equitum
791 1243 1168 1322 militumque
1208 1250 1614 1322 praestarent;
1659 1261 1836 1305 causa
1876 1252 2076 1305 autem
2105 1243 2211 1303 ob-

282 1326 533 1387 sidionis
582 1327 730 1388 haec
779 1329 906 1388 fere
956 1345 1088 1387 esse
1142 1326 1478 1397 consuevit,
1536 1334 1605 1388 ut
1652 1328 1953 1387 frumento
2009 1327 2212 1388 hostes

282 1409 695 1490 prohiberent.
780 1412 857 1472 At
906 1417 1034 1471 tum
1091 1412 1357 1488 integras
1407 1418 1584 1490 atque
1633 1411 1959 1471 incolumes
2010 1411 2212 1489 copias
2232 1419 2265 1468 3

283 1496 501 1556 Caesar
551 1496 836 1556 inferiore
889 1495 1149 1555 militum
1199 1512 1454 1554 numero
1505 1494 1882 1565 continebat,
1929 1513 2064 1555 cum
2118 1494 2212 1554 illi

284 1581 550 1640 omnium
591 1597 799 1640 rerum
839 1581 1010 1659 copia
1055 1579 1461 1640 abundarent:
1502 1579 1722 1640 cotidie
1762 1580 1923 1639 enim
1962 1595 2213 1655 magnus

283 1664 546 1743 undique
577 1666 816 1725 navium
845 1682 1132 1725 numerus
1162 1661 1585 1734 conveniebat,
1632 1681 1783 1742 quae
1816 1670 2212 1723 commeatum

283 1747 733 1827 subportarent,
778 1766 974 1828 neque
1003 1748 1162 1809 ullus
1191 1747 1337 1808 flare
1367 1755 1581 1808 ventus
1612 1753 1875 1826 poterat,
1920 1749 2065 1825 quin
2106 1746 2210 1807 ali-

282 1850 399 1911 qua
441 1850 515 1892 ex
566 1839 735 1909 parte
781 1831 1108 1892 secundum
1149 1849 1392 1892 cursum
1439 1830 1754 1892 haberent.
1832 1830 1967 1908 Ipse
2009 1837 2206 1892 autem
2228 1836 2265 1886 4

282 1917 654 1994 consumptis
683 1913 960 1975 omnibus
987 1914 1165 1992 longe
1193 1915 1430 1994 lateque
1461 1916 1781 1976 frumentis
1810 1915 2058 1974 summis
2081 1919 2211 1973 erat

280 2000 347 2058 in
387 1998 699 2074 angustiis.
771 1996 890 2056 Sed
929 2005 1129 2058 tamen
1168 1997 1318 2058 haec
1348 1999 1638 2077 singulari
1667 1999 1959 2080 patientia
1987 1997 2260 2057 militesfi

284 2080 582 2144 ferebant.
641 2079 1133 2142 Recordabantur
1162 2084 1342 2153 enim,
1380 2083 1587 2144 eadem
1618 2101 1681 2144 se
1712 2083 2023 2163 superiore
2054 2098 2210 2142 anno

282 2168 348 2227 in
377 2165 665 2243 Hispania
704 2182 1023 2245 perpessos
1062 2163 1266 2225 labore
1296 2173 1357 2226 et
1395 2170 1687 2245 patientia
1715 2169 2039 2228 maximum
2081 2165 2209 2225 bel·

281 2250 408 2311 lum
440 2250 804 2319 confecisse3
845 2250 1272 2319 meminerant,
1318 2249 1393 2309 ad
1421 2250 1679 2310 Alesiam
1707 2269 1980 2328 magnam
2009 2269 2073 2311 se
2116 2252 2207 2309 in-

282 2336 481 2413 opiam
528 2351 880 2413 perpessos,
936 2332 1123 2394 multo
1175 2334 1353 2394 etiam
1402 2335 1694 2393 maiorem
1750 2336 1824 2395 ad
1871 2337 2206 2403 Avaricum,

280 2419 675 2479 maximarum
724 2417 992 2496 gentium
1032 2419 1289 2478 victores
1330 2417 1698 2494 discessisse.
1767 2417 1918 2488 Non,
1950 2419 2070 2479 illis
2109 2436 2206 2477 or·
2228 2426 2263 2475 6

281 2502 460 2563 deum
489 2520 626 2562 cum
655 2501 917 2572 daretur,
939 2518 1057 2562 non
1084 2502 1388 2580 legumina
1409 2500 1801 2572 recusabant;
1832 2519 2018 2580 pecus
2044 2520 2206 2572 vero,

282 2588 455 2647 cuius
483 2588 576 2646 rei
616 2603 843 2645 summa
875 2592 1006 2646 erat
1046 2604 1119 2646 ex
1148 2585 1335 2665 Epiro
1375 2587 1577 2665 copia,
1620 2603 1835 2663 magno
1875 2587 1941 2646 in
1981 2586 2209 2647 honore

280 2669 600 2731 habebant.

367 2825 371 2829 ,
407 2753 780 2815 XXXXVIII.
839 2753 947 2814 Est
976 2755 1153 2813 etiam
1195 2771 1387 2831 genus
1413 2754 1634 2814 radicis
1663 2756 1973 2815 inventum
2002 2753 2076 2814 ab
2107 2757 2203 2825 iis,
2350 2786 2362 2802 ·
2417 2725 2735 2896 „Q

224 2814 388 2917 ffiui
428 2837 862 2899 convaluerant
901 2853 978 2899 ea>
1013 2833 1419 2914 vulneribus]
1447 2838 1605 2915 quod
1649 2838 1979 2916 appellatur
2009 2838 2205 2907 chara,
2255 2822 2428 2876 W·
2555 2860 2626 2899 κω

281 2921 441 3002 quod
465 2921 793 2982 admixtum
803 2920 954 2982 lacte
969 2920 1221 2981 multum
1238 2922 1505 2999 inopiam
1524 2919 1777 2981 levabat.
1809 2921 1877 2981 Id
1900 2921 1973 2980 ad
1997 2921 2207 2981 simili·
2299 2926 2680 3010 mm,

279 3005 553 3066 tudinem
591 3007 766 3084 panis
808 3004 1173 3066 efficiebant.
1241 3004 1391 3065 Eius
1432 3010 1564 3064 erat
1601 3021 1814 3081 magna
1854 3006 2047 3082 copia.
2114 3004 2259 3065 Ex2
2600 3015 2662 3076 <j

278 3089 392 3149 hoc
437 3089 680 3149 effectos
718 3107 932 3167 paneS,
977 3107 1114 3150 cum
1152 3089 1220 3149 in
1261 3088 1573 3166 colloquiis
1600 3087 1949 3167 Pompeiani
1988 3088 2207 3151 famem

279 3175 504 3235 nostris
534 3172 925 3243 obiectarent,
952 3173 1128 3250 vulgo
1157 3175 1223 3233 in
1247 3190 1351 3233 eos
1370 3171 1691 3243 iaciebant,
1713 3178 1780 3232 ut
1808 3189 1976 3251 spem
1999 3189 2207 3232 eorum

283 3259 645 3318 minuerent.

403 3340 803 3403 XXXXVIIII.
873 3339 1115 3419 Iamque
1157 3341 1460 3403 frumenta
1504 3348 1907 3402 maturescere
1947 3341 2200 3419 incipie-
2225 3347 2257 3399 1

280 3423 443 3495 bant,
475 3433 653 3505 atque
681 3426 814 3503 ipsa
844 3442 981 3504 spes
1010 3426 1276 3503 inopiam
1306 3425 1696 3495 sustentabat,
1739 3425 1895 3504 quod
1927 3424 2207 3485 celeriter

280 3526 344 3567 se
375 3508 684 3570 habituros
712 3509 946 3589 copiam
975 3507 1381 3580 confidebant;
1425 3509 1791 3591 crebraeque
1833 3527 2009 3570 voces
2045 3508 2203 3570 mili-

277 3599 406 3654 tum
447 3594 514 3654 in
555 3592 780 3673 vigiliis
813 3593 1244 3674 colloquiisque
1289 3592 1714 3664 audiebantur,
1757 3594 1928 3676 prius
1971 3611 2034 3655 se
2070 3610 2203 3653 cor·
