2750 4255
656 319 883 378 COMM.
910 321 1008 378 111.
1052 319 1208 377 CAP.
1235 320 1826 379 xxxxva—Lm.
2121 315 2204 381 93

268 490 460 551 Cuius
482 486 796 548 consilium
816 487 1379 567 reprehendendum
1402 505 1521 548 non
1544 487 1805 548 videtur.
1849 487 2014 549 Aliae
2038 489 2199 549 enim
2220 502 2251 545 4

270 579 416 635 sunt
455 573 639 650 legati
680 578 885 652 partes
925 578 1102 651 atque
1143 573 1557 653 imperatoris:
1599 570 1752 632 alter
1790 573 1989 633 omnIa
2022 588 2202 650 agere

271 658 350 720 ad
380 658 842 737 praescriptum,
867 655 1020 717 alter
1041 655 1233 716 libere
1256 656 1331 717 ad
1353 672 1645 717 summam
1665 673 1869 716 rerum
1890 654 2202 717 consulere

268 741 477 804 debet.
544 740 705 802 Sulla
746 759 780 802 a
810 740 1065 802 Caesare
1092 737 1420 820 praesidio
1451 741 1664 801 castris
1690 738 1939 801 relictus
1973 738 2195 800 libera·
2217 748 2249 796 5

269 829 355 889 tis
386 827 513 887 suis
539 826 654 886 hoc
682 827 799 887 suit
829 832 1148 886 contentus
1177 843 1372 904 neque
1402 824 1636 904 proelio
1657 825 1967 886 decertare
1996 824 2199 894 voluit,

270 928 429 992 quae
459 927 560 971 res
587 917 788 971 tamen
817 911 1072 971 sortasse
1104 908 1364 988 aliquem
1394 911 1696 988 reciperet
1725 927 1946 979 casum,
1984 927 2060 968 ne
2089 909 2200 969 im-

269 996 609 1077 peratorias
646 993 763 1055 sibi
806 1001 1011 1074 partes
1050 996 1373 1072 sumpsisse
1415 993 1745 1055 videretur.
1823 993 2202 1074 Pompeianis
2221 1001 2253 1050 6

268 1097 554 1157 magnam
591 1096 692 1140 res
731 1078 806 1140 ad
851 1085 1162 1158 receptum
1202 1078 1614 1140 difficultatem
1655 1077 1983 1140 adferebat.
2053 1077 2203 1139 Nam

273 1183 351 1226 ex
387 1166 596 1244 iniquo
636 1164 941 1243 progressi
979 1163 1111 1224 loco
1151 1165 1217 1223 in
1260 1180 1493 1224 summo
1535 1165 1955 1224 constiterant:
2001 1165 2054 1224 si
2093 1179 2203 1241 per

272 1248 504 1310 declive
535 1265 667 1309 sese
698 1250 1062 1327 reciperent,
1104 1254 1344 1308 nostros
1373 1265 1448 1308 ex
1476 1250 1789 1326 superiore
1818 1249 2204 1327 insequentes

273 1334 410 1396 Ioco
438 1331 835 1404 verebantur3
878 1348 1072 1411 neque
1102 1332 1357 1393 multum
1387 1332 1462 1393 ad
1493 1331 1636 1393 solis
1662 1349 1941 1393 occasum
1974 1339 2201 1410 tempo·

274 1419 366 1479 ris
395 1424 739 1497 supererat:
787 1435 893 1496 spe
925 1419 1087 1478 enim
1116 1416 1476 1477 conficiendi
1513 1418 1745 1494 negotii
1785 1433 1972 1495 prope
2000 1417 2066 1475 in
2094 1432 2200 1475 no·

274 1509 432 1563 ctem
483 1519 614 1562 rem
663 1501 974 1562 duxerant.
1054 1500 1146 1562 Ita
1189 1503 1527 1562 necessario
1578 1509 1755 1579 atque
1805 1518 1879 1560 ex
1930 1507 2199 1579 tempore
2223 1505 2253 1554 7

275 1593 452 1666 capto
502 1585 750 1647 consilio
800 1585 1121 1665 Pompeius
1177 1585 1471 1646 tumulum
1528 1584 1822 1664 quendam
1869 1585 2200 1664 occupavit,

275 1672 381 1752 qui
432 1677 663 1732 tantum
705 1669 913 1731 aberat
954 1689 987 1731 a
1030 1676 1235 1731 nostro
1265 1669 1538 1740 castello,
1578 1678 1644 1731 ut
1682 1669 1867 1730 telum
1906 1676 2202 1731 tormento

274 1758 524 1818 missum
554 1754 715 1832 adigi
757 1773 876 1816 non
914 1761 1140 1834 posset.
1209 1754 1335 1814 Hoc
1363 1753 1636 1814 consedit
1674 1753 1805 1814 loco
1847 1761 2023 1833 atque
2066 1772 2202 1815 eum

273 1841 669 1902 communivit
698 1855 1024 1916 omnesque
1052 1837 1144 1900 ibi
1172 1839 1375 1916 copias
1404 1839 1718 1897 continuit.

275 1946 284 1977 κ
404 1924 531 1998 LII.
599 1922 825 1985 Eodem
863 1930 1132 2002 tempore
1164 1920 1401 1982 duobus
1439 1928 1757 2000 praeterea
1798 1921 1945 1981 locis
1975 1937 2201 1999 pugna·
2227 1928 2255 1977 1

275 2020 404 2071 tum
436 2015 558 2069 est:
588 2025 726 2068 nam
755 2007 929 2087 plura
958 2005 1198 2067 castella
1226 2005 1545 2084 Pompeius
1567 2007 1796 2083 pariter
1826 2004 2201 2070 distinendae

276 2110 488 2155 manus
518 2109 697 2154 causa
725 2097 1146 2171 temptaverat,
1189 2108 1265 2152 ne
1296 2108 1368 2150 ex
1400 2089 1688 2168 proximis
1716 2088 2038 2169 praesidiis
2067 2105 2202 2150 suc·

278 2178 444 2239 curri
473 2183 693 2257 posset.
755 2176 886 2238 Uno
914 2176 1044 2236 loco
1073 2175 1373 2237 Volcatius
1391 2174 1600 2235 Tullus
1627 2176 1916 2254 impetum
1945 2173 2201 2251 legionis
2221 2179 2252 2228 2

278 2263 566 2323 sustinuit
594 2260 942 2322 cohortibus
970 2259 1164 2321 trihus
1193 2267 1370 2339 atque
1402 2277 1532 2319 eam
1560 2259 1691 2319 loco
1721 2258 1982 2339 depulit;
2014 2257 2202 2318 altero

280 2346 561 2407 Germani
599 2346 781 2407 extra
819 2345 1183 2406 munitiones
1231 2351 1468 2405 nostras
1517 2345 1747 2422 egressi
1797 2341 2204 2422 compluribus

277 2431 615 2492 interfectis
641 2448 775 2492 sese
806 2429 881 2491 ad
911 2448 1049 2490 suos
1079 2429 1407 2489 incolumes
1436 2434 1816 2508 receperunt.

404 2513 557 2575 LIII.
616 2513 704 2575 Ita
730 2533 853 2575 uno
882 2513 980 2574 die
1001 2526 1077 2573 VI
1105 2513 1355 2591 proeliis
1383 2513 1577 2584 factiS,
1610 2512 1807 2574 tribus
1836 2512 1909 2573 ad
1939 2511 2199 2591 Dyrrha·
2226 2519 2254 2568 1

183 2587 187 2592 ’
275 2599 511 2670 chium,
554 2598 749 2659 tribus
780 2599 854 2659 ad
882 2598 1273 2667 munitiones,
1321 2616 1460 2658 cum
1497 2597 1713 2659 horum
1742 2599 2006 2659 omnium
2047 2598 2203 2658 ratio

274 2683 622 2753 haberetur,
667 2683 742 2744 ad
773 2683 891 2744 duo
921 2683 1087 2743 milia
1115 2700 1366 2743 numero
1396 2701 1470 2743 ex
1501 2682 1884 2763 Pompeianis
1912 2681 2202 2742 cecidisse

277 2767 764 2847 reperiebamuS,
813 2772 1085 2827 evocatos
1120 2768 1618 2845 centurionesque
1660 2765 1996 2846 complures
2023 2798 2109 2810 -
2136 2766 2204 2825 in

278 2870 350 2913 eo
380 2852 497 2912 fuit
535 2868 786 2912 numero
814 2848 1089 2912 Valerius
1118 2850 1368 2912 Flaccus
1406 2849 1474 2910 L.
1505 2850 1680 2919 filius,
1715 2853 1863 2919 eius,
1895 2850 1999 2928 qui
2025 2866 2202 2928 prae-

276 2943 374 2997 tor
423 2934 625 2995 Asiam
674 2933 1015 2996 obtinuerat
1062 2955 1179 3006 -;
1238 2936 1524 3013 signaque
1576 2940 1717 2994 sunt
1765 2932 2048 2994 militaria
2099 2950 2204 2993 sex

275 3018 487 3081 relata.
547 3017 749 3079 Nostri
779 3037 898 3080 non
929 3020 1182 3099 amplius
1208 3033 1309 3081 xx
1337 3016 1615 3079 omnibus
1643 3024 1782 3079 sunt
1820 3016 2070 3096 proeliis
2099 3015 2202 3076 de·
2225 3025 2258 3073 2

275 3102 546 3164 siderati.
611 3101 730 3163 Sed
758 3105 821 3163 in
851 3103 1094 3166 castello
1122 3122 1299 3166 nemo
1328 3104 1448 3164 fuit
1476 3104 1718 3163 omnino
1747 3101 2021 3172 militum,
2054 3103 2201 3180 quin
2223 3109 2256 3157 3

274 3189 723 3258 vulneraretur,
778 3197 1175 3269 quattuorque
1227 3208 1302 3250 ex
1349 3206 1469 3249 una
1520 3187 1763 3248 cohorte
1822 3187 2205 3247 centuriones

276 3272 481 3333 oculos
524 3274 872 3333 amiserunt.
944 3274 1186 3335 Etcum
1228 3273 1453 3335 laboris
1483 3273 1574 3333 sui
1617 3271 1992 3351 periculique
2033 3272 2202 3331 testi·-
2225 3277 2260 3326 4

275 3358 545 3418 monium
574 3356 812 3419 adferre
843 3358 1078 3428 vellent,
1104 3358 1269 3420 milia
1299 3359 1649 3436 sagittarum
1689 3357 1934 3418 circiter
1961 3368 2111 3415 xxx
2139 3357 2205 3417 in

275 3441 588 3503 castellum
630 3443 902 3502 coniecta
944 3441 1185 3504 Caesari
1223 3444 1750 3512 renuntiaverunt,
1801 3449 2087 3521 scutoque
2130 3439 2205 3502 ad

276 3543 415 3586 eum
444 3526 634 3587 relato
666 3526 928 3587 Scaevae
959 3529 1357 3598 centurioniS,
1405 3530 1646 3588 inventa
1677 3534 1816 3587 sunt
1842 3527 1909 3587 in
1940 3545 2010 3587 eo
2042 3527 2202 3588 fora·

276 3612 440 3671 mina
470 3622 631 3672 cxx.
692 3608 885 3681 Quem
906 3611 1142 3683 Caesar,
1175 3620 1242 3673 ut
1271 3618 1404 3673 erat
1433 3612 1506 3672 de
1539 3630 1602 3673 se
1632 3612 1882 3673 meritus
1912 3620 1973 3672 et
2001 3611 2075 3671 de
2104 3629 2197 3673 re·
2222 3615 2253 3665 5
