2750 4255
126 3741 321 3880 κ,

342 3911 363 3936 ἠ

358 3941 399 3970 ³..-

380 3973 489 4146 KQ.

555 308 646 375 90
1198 312 1295 369 DE
1320 311 1569 369 ‘nmo
1615 310 1835 369 CIVILI

558 481 816 541 circuitu
867 486 1215 558 occuparet;
1267 477 1599 557 crebraque
1650 476 1727 538 ob
1778 495 1910 538 eam
1960 494 2198 538 causam
2249 475 2489 556 proelia

503 574 538 625 8
559 563 803 626 fiebant.
861 563 931 624 In
961 563 1059 624 his
1078 581 1215 623 cum
1242 562 1401 640 legio
1424 561 1694 631 Caesaris
1714 579 1871 622 nona
1898 561 2263 638 praesidium
2290 561 2490 640 quod·

559 648 693 709 dam
723 649 1132 728 occupavisset
1162 654 1223 707 et
1261 649 1498 707 munire
1528 646 1855 724 coepisset,
1899 644 2041 705 huic
2070 644 2203 705 loco
2231 647 2487 724 propin·

559 750 742 812 quum
773 738 835 793 et
873 731 1239 793 contrarium
1281 729 1495 790 collem
1522 729 1846 808 Pompeius
1871 730 2186 807 occupavit
2216 736 2488 789 nostros-

505 825 540 875 8
562 834 679 897 que
719 834 902 896 opere
940 813 1266 895 prohibere
1295 816 1521 894 coepit,
1564 820 1625 874 et
1666 830 1803 873 cum
1830 830 1949 873 una
1978 830 2052 872 ex
2091 820 2261 891 parte
2291 830 2488 891 prope

559 918 815 980 aequum
845 900 1067 961 aditum
1095 898 1368 969 haberet,
1400 900 1664 977 primum
1691 896 2016 974 sagittariis
2043 896 2488 958 funditoribus-

557 1002 673 1065 que
703 984 1135 1052 circumiectis,
1177 988 1384 1062 postea
1423 982 1575 1043 levis
1603 989 1940 1042 armaturae
1970 998 2183 1058 magna
2212 981 2487 1043 multitu-

559 1068 700 1128 dine
729 1069 907 1128 missa
934 1068 1368 1145 tormentisque
1415 1065 1664 1145 prolatis
1691 1065 2054 1126 munitiones
2080 1064 2487 1143 impediebat;

556 1169 751 1230 neque
783 1157 913 1212 erat
939 1151 1113 1212 facile
1144 1153 1367 1212 nostris
1396 1168 1517 1211 uno
1545 1157 1816 1228 tempore
1844 1166 2224 1227 propugnare
2255 1156 2314 1210 et
2347 1167 2489 1209 mu·

501 1244 538 1294 4
560 1237 715 1296 nire.
785 1234 1000 1297 Caesar
1039 1253 1176 1296 cum
1215 1253 1355 1295 suos
1404 1253 1480 1295 ex
1531 1232 1809 1295 omnibus
1853 1231 2129 1312 partibus
2176 1232 2488 1294 vulnerari

556 1319 807 1389 videret,
835 1321 1112 1399 recipere
1143 1337 1206 1380 se
1235 1320 1415 1379 iussit
1443 1324 1505 1378 et
1533 1318 1662 1378 loco
1692 1317 2004 1378 excedere.
2061 1316 2209 1378 Erat
2236 1334 2346 1395 per
2378 1316 2486 1377 de·

504 1412 537 1461 5
560 1403 708 1465 clive
737 1410 1036 1483 receptus,
1095 1402 1188 1463 Illi
1217 1411 1418 1464 autem
1445 1402 1559 1462 hoc
1588 1403 1789 1463 acrius
1826 1400 2351 1480 instabantneque
2383 1419 2486 1462 re-

557 1487 728 1565 gredi
778 1495 1016 1548 nostros
1065 1485 1475 1566 patiebantur,
1528 1486 1686 1564 quod
1735 1488 1949 1546 timore
1993 1484 2234 1546 adducti
2281 1485 2483 1546 locum

504 1580 539 1629 6
560 1572 904 1651 relinquere
932 1569 1309 1631 videbantur.
1367 1569 1603 1630 Dicitur
1631 1587 1702 1630 eo
1731 1576 2001 1649 tempore
2029 1569 2297 1646 glorians
2323 1569 2484 1647 apud

559 1673 697 1716 suos
736 1652 1057 1732 Pompeius
1106 1653 1363 1714 dixisse:
1416 1671 1535 1714 non
1586 1671 1870 1713 recusare
1913 1671 2007 1723 se,
2061 1655 2206 1730 quin
2258 1653 2483 1714 nullius

556 1755 701 1799 usus
728 1738 1055 1816 imperator
1084 1738 1547 1806 existimaretur,
1589 1738 1641 1797 si
1670 1739 1801 1797 sine
1832 1739 2090 1799 maximo
2120 1737 2481 1798 detrimento

556 1822 826 1899 legiones
855 1822 1125 1883 Caesaris
1164 1839 1296 1883 sese
1335 1822 1711 1901 recepissent
1749 1821 1921 1892 inde,
1964 1839 2082 1900 quo
2122 1827 2353 1882 temere
2384 1839 2478 1882 es-

555 1913 689 1967 sent
718 1923 1091 1985 progressae.
2247 1955 2251 1958 ,

505 1999 537 2050 1
683 1989 996 2051 xxxxvl.
1067 1990 1283 2053 Caesar
1321 1990 1597 2068 receptui
1643 2007 1888 2050 suorum
1928 1991 2148 2050 timens
2178 1996 2375 2050 crates
2403 1988 2476 2050 ad

555 2079 889 2137 extremum
928 2074 1223 2136 tumulum
1263 2081 1470 2135 contra
1509 2073 1742 2135 hostem
1781 2072 2041 2153 proferri
2090 2079 2151 2134 et
2198 2073 2478 2135 adversas

553 2157 772 2229 locari,
815 2161 974 2220 intra
1014 2159 1124 2220 has
1151 2158 1442 2219 mediocri
1470 2157 1784 2219 latitudine
1813 2159 2037 2220 fossam
2064 2159 2243 2219 tectis
2271 2158 2475 2219 militi-

555 2241 670 2304 bus
710 2241 928 2303 obduci
969 2244 1145 2303 iussit
1184 2242 1500 2321 locumque
1538 2244 1604 2303 in
1644 2260 1850 2303 omnes
1890 2249 2095 2321 partes
2136 2259 2312 2319 quam
2351 2260 2475 2303 ma·

502 2334 535 2385 2
558 2328 717 2386 xime
747 2325 1049 2404 impediri.
1108 2324 1243 2404 Ipse
1273 2326 1509 2387 idoneis
1537 2326 1686 2387 locis
1712 2326 2049 2387 funditores
2079 2327 2379 2395 instruxit,
2410 2334 2475 2387 ut

557 2409 854 2488 praesidio
882 2411 1105 2470 nostris
1132 2427 1195 2471 se
1224 2410 1661 2489 recipientibus
1689 2417 1907 2471 essent.
1966 2410 2074 2471 His
2103 2409 2288 2471 rebus
2315 2428 2474 2471 com-

504 2500 536 2551 8
558 2493 784 2572 paratis
813 2493 1111 2570 legionem
1130 2494 1338 2555 reduci
1366 2495 1558 2556 iussit.
1612 2495 1957 2573 Pompeiani
1985 2494 2100 2554 hoc
2124 2494 2476 2555 insolentius

556 2584 734 2656 atque
764 2577 1050 2639 audacius
1079 2588 1313 2640 nostros
1339 2597 1617 2659 premere
1643 2585 1705 2639 et
1732 2580 1955 2639 instare
1985 2586 2315 2657 coeperunt
2344 2596 2473 2638 cra-

554 2667 762 2740 tesque
818 2679 929 2740 pro
981 2663 1309 2723 munitione
1359 2662 1627 2723 obiectas
1683 2663 2106 2741 propulerunt,
2165 2669 2234 2722 ut
2287 2663 2476 2723 fossas

503 2751 540 2803 a
558 2745 1074 2806 transcenderent.
1134 2745 1302 2817 Quod
1334 2764 1472 2807 cum
1501 2746 2019 2808 animadvertisset
2046 2745 2283 2815 Caesar,
2316 2748 2473 2806 veri-

552 2834 681 2899 tuS,
712 2847 791 2890 ne
817 2848 939 2890 non
968 2830 1221 2901 reducti,
1254 2830 1359 2892 sed
1390 2831 1603 2891 reiecti
1631 2830 1995 2900 viderentur,
2029 2831 2340 2909 maiusque
2370 2830 2473 2891 de-

554 2913 904 2974 trimentum
933 2922 1272 2992 caperetur,
1304 2932 1339 2975 a
1366 2914 1566 2976 medio
1593 2915 1722 2976 sere
1754 2916 1945 2993 spatio
1973 2932 2114 2975 suos
2155 2932 2265 2992 per
2293 2914 2471 2975 Anto-

555 2997 751 3068 nium,
795 2999 899 3078 qui
944 2999 1002 3058 ei
1043 2998 1266 3076 legioni
1303 3004 1610 3077 praeerat,
1664 2998 2006 3060 cohortatus
2053 2997 2200 3059 tuba
2239 3000 2474 3077 signum

503 3087 537 3137 6
558 3080 691 3142 dari
720 3087 898 3161 atque
928 3083 992 3141 in
1021 3081 1224 3143 hostes
1251 3083 1542 3159 impetum
1566 3083 1699 3142 fieri
1728 3084 1924 3145 iussit.
1974 3081 2195 3143 Milites
2221 3082 2474 3160 legionis

551 3176 732 3226 V1111.
748 3165 947 3226 subito
963 3166 1288 3244 conspirati
1310 3164 1436 3243 pila
1447 3167 1835 3226 coniecerunt
1856 3174 1917 3227 et
1938 3184 2013 3227 ex
2037 3167 2325 3227 inferiore
2345 3164 2472 3228 loco

553 3248 839 3310 adversus
892 3248 1108 3308 clivum
1157 3249 1390 3309 incitati
1443 3266 1624 3311 cursu
1672 3252 2035 3330 praecipites
2079 3249 2473 3330 Pompeianos

553 3339 808 3410 egerunt
836 3338 897 3392 et
937 3339 1107 3409 terga
1133 3340 1372 3393 vertere
1402 3337 1761 3410 coegerunt3
1800 3334 2022 3414 quibus
2061 3334 2135 3395 ad
2175 3336 2470 3413 recipien-

553 3415 695 3476 dum
725 3422 921 3476 crates
950 3415 1236 3477 disiectae
1265 3416 1648 3498 longuriique
1679 3417 1900 3479 obiecti
1929 3425 1990 3479 et
2016 3421 2327 3479 institutae
2357 3419 2472 3479 fos·

498 3507 532 3557 6
558 3516 661 3559 sae
689 3516 905 3576 magno
933 3500 1363 3578 impedimento
1404 3502 1668 3562 suerunt.
1737 3501 1941 3563 Nostri
1970 3520 2142 3573 vero,
2185 3504 2290 3582 qui
2331 3506 2474 3564 satis

484 3654 489 3658 ,
551 3580 857 3644 habebant
898 3584 1031 3645 sine
1063 3583 1423 3646 detrimento
1463 3585 1802 3657 discedere,
1846 3585 2255 3668 compluribus
2290 3586 2474 3650 inter·
