2750 4255
476 3867 529 3924 “a

637 301 725 368 74
1284 306 1383 363 DE
1424 306 1653 363 BELLO
1699 305 1917 363 clvm

639 475 809 543 citui,
841 473 999 554 quod
1027 491 1357 554 properans
1385 482 1622 535 noctem
1652 473 1774 534 diei
1797 474 2191 534 coniunxerat
2217 488 2412 551 neque
2443 471 2562 532 iter

639 559 1073 629 intermiserat,
1116 565 1183 619 ut
1210 576 1401 638 paene
1431 576 1635 619 omnes
1665 575 1737 618 ex
1767 558 1950 637 Epiro
1978 557 2371 636 finitimisque
2400 558 2563 634 regi-

641 641 858 704 onibus
884 645 1057 720 signa
1086 642 1517 721 relinquerent,
1550 642 1885 721 complures
1913 659 2079 701 arma
2099 643 2460 720 proicerent,
2496 657 2562 700 ac

588 736 622 786 8
641 729 817 805 fugae
847 727 1040 788 simile
1069 729 1187 787 iter
1212 727 1535 787 videretur.
1598 725 1715 786 Sed
1744 743 1880 786 cum
1909 743 2095 805 prope
2125 723 2562 804 Dyrrhachium

639 811 958 891 Pompeius
987 813 1356 872 constitisset
1383 819 1695 891 castraque
1735 812 1949 871 metari
1979 812 2281 879 iussisset,
2325 817 2560 887 perter-

638 899 760 957 rito
789 898 970 957 etiam
999 902 1123 955 tum
1153 896 1423 956 exercitu
1451 896 1730 975 princeps
1753 892 2053 954 Labienus
2072 893 2346 972 procedit
2373 894 2561 953 iurat-

640 998 776 1060 que,
823 998 886 1040 se
922 997 1071 1040 eum
1110 997 1231 1040 non
1275 979 1654 1040 deserturum
1684 979 2058 1058 eundemque
2087 995 2290 1038 casum
2322 976 2561 1037 subitu-

586 1072 622 1121 4
641 1083 793 1133 rum,
825 1081 1258 1144 quemcumque
1280 1066 1338 1125 ei
1360 1064 1599 1125 fortuna
1618 1063 1949 1124 tribuisset.
1999 1061 2137 1123 ‘Hoc
2158 1062 2320 1122 idem
2339 1061 2563 1140 reliqui

640 1152 844 1209 iurant
881 1148 1092 1226 legati3
1149 1148 1379 1209 tribuni
1421 1148 1675 1209 militum
1717 1149 2215 1226 centurionesque
2254 1152 2561 1215 secuntur,

584 1240 618 1290 5
642 1239 818 1311 atque
853 1231 1019 1293 idem
1060 1234 1253 1293 omnis
1291 1234 1594 1293 exercitus
1632 1235 1811 1292 iurat.
1871 1232 2089 1292 Caesar
2125 1237 2564 1309 praeoccupato

639 1316 963 1377 itinere2ad
994 1315 1427 1396 Dyrrhachium
1463 1317 1646 1376 finem
1679 1315 2042 1395 properandi
2072 1316 2217 1375 facit
2246 1321 2565 1394 castraque

641 1401 715 1462 ad
755 1401 978 1461 flumen
1008 1401 1227 1480 Apsum
1266 1403 1433 1480 ponit
1472 1403 1536 1460 in
1578 1398 1800 1461 finibus
1827 1399 2311 1478 Apolloniatium,
2354 1406 2421 1458 ut
2460 1416 2562 1459 ca-

640 1485 827 1545 stellis
856 1485 1190 1564 vigiliisque
1215 1484 1367 1545 bene
1393 1487 1643 1545 meritae
1665 1486 1934 1544 civi-tates
1954 1489 2118 1544 tutae
2135 1490 2333 1544 essent
2356 1481 2562 1563 [prae-

640 1566 856 1648 sidio]‚
910 1567 1115 1647 ibique
1166 1567 1533 1647 reliquarum
1574 1586 1645 1629 ex
1686 1567 1857 1628 Italia
1898 1569 2201 1645 legionum
2243 1567 2565 1628 adventum

586 1662 619 1710 6
643 1659 959 1731 expectare
1001 1660 1061 1712 et
1096 1651 1210 1712 sub
1251 1650 1510 1731 pellibus
1549 1652 1814 1712 hiemare
1856 1654 2185 1712 constituit.
2237 1651 2372 1713 ,Hoc
2399 1651 2564 1711 idem

638 1736 958 1814 Pompeius
996 1736 1141 1796 fecit
1181 1744 1239 1796 et
1270 1742 1445 1796 trans
1485 1736 1707 1796 flumen
1747 1738 1969 1816 Apsum
2007 1738 2219 1815 positis
2246 1738 2459 1796 castris
2483 1753 2563 1795 eo

642 1822 845 1899 copias
873 1838 1080 1881 omnes
1109 1820 1444 1899 auxiliaque
1476 1820 1776 1881 conduxit.

589 1913 620 1962 1
767 1902 952 1965 xlm.
1011 1904 1264 1966 Calenus
1312 1904 1654 1982 legionibus
1701 1904 2121 1984 equitibusque
2162 1903 2446 1978 Brundisi
2493 1907 2562 1966 in

638 2006 820 2049 naves
847 1990 1173 2068 impositis,
1217 1996 1283 2050 ut
1312 1997 1442 2050 erat
1470 1997 1856 2069 praeceptum
1886 2008 1919 2049 a
1950 1989 2229 2060 Caesare,
2262 1995 2562 2066 quantum

637 2075 879 2135 navium
907 2073 1261 2135 *facultatem
1299 2072 1588 2144 habebat,
1643 2092 1822 2135 naves
1859 2073 2060 2144 solvit,
2120 2073 2478 2154 paulumque
2524 2090 2562 2133 a

637 2156 817 2238 portu
865 2176 1218 2237 progressus
1265 2158 1496 2221 litteras
1541 2177 1576 2219 a
1616 2160 1866 2221 Caesare
1912 2160 2158 2237 accipit,
2211 2158 2428 2238 quibus
2455 2165 2564 2217 „est

638 2245 862 2303 certior
889 2243 1110 2311 factuS,
1152 2250 1362 2321 portus
1402 2242 1695 2323 litoraque
1737 2241 2257 2304 omniasclassibus
2285 2242 2562 2302 adversa-

584 2336 616 2385 2
643 2329 873 2386 riorum
900 2327 1116 2386 teneri.
1161 2324 1288 2395 Quo
1319 2330 1557 2405 cognito
1586 2346 1649 2387 se
1675 2330 1739 2387 in
1760 2335 2000 2405 portum
2022 2328 2241 2405 recipit
2261 2344 2559 2405 navesque

639 2427 845 2470 omnes
875 2417 1132 2470 revocat.
1207 2410 1337 2471 Una
1365 2429 1437 2471 ex
1468 2412 1578 2480 his,
1609 2429 1761 2490 quae
1790 2412 2193 2490 perseveravit
2222 2428 2418 2491 neque
2446 2413 2561 2471 im-

637 2495 808 2573 perio
839 2492 1041 2555 Caleni
1071 2498 1533 2574 optemperavit,
1577 2495 1737 2576 quod
1777 2504 1906 2555 erat
1946 2498 2075 2556 sine
2108 2494 2406 2555 militibus
2422 2496 2562 2574 ‹pri-

637 2584 886 2656 vatoque
916 2578 1165 2639 consilio
1195 2579 1755 2649 administrabatur,
1800 2579 1993 2640 delata
2022 2578 2266 2641 Oricum
2307 2588 2485 2657 atque
2525 2598 2563 2640 a

583 2670 617 2720 8
641 2661 858 2723 Bibulo
898 2671 1230 2741 expugnata
1271 2671 1393 2734 est:
1444 2666 1549 2744 qui
1592 2663 1664 2723 de
1701 2666 1897 2724 servis
1925 2662 2251 2743 liberisque
2280 2662 2561 2724 omnibus

636 2746 709 2807 ad
740 2746 1083 2825 impuberes
1113 2749 1472 2828 supplicium
1502 2749 1683 2809 sumit
1714 2754 1774 2807 et
1803 2747 1875 2808 ad
1906 2766 2092 2810 unum
2119 2748 2426 2808 interficit.
2461 2746 2561 2807 zita

636 2833 851 2907 exiguo
906 2839 1173 2911 tempore
1225 2849 1557 2911 magnoque
1615 2850 1756 2893 casu
1806 2835 1993 2893 totius
2043 2833 2343 2893 exercitus
2400 2829 2561 2892 salus

635 2918 923 2976 constitit.
2000 2924 2006 2927 ’

587 3008 614 3057 1
763 2999 884 3059 XV.
929 2999 1208 3072 Bibulus,
1250 3008 1316 3061 ut
1356 3019 1538 3081 supra
1579 3001 2046 3063 demonstratum
2088 3008 2209 3071 est,
2254 3007 2383 3061 erat
2422 3018 2557 3061 cum

636 3084 824 3144 classe
865 3085 939 3144 ad
982 3083 1228 3146 Oricum
1268 3093 1358 3155 et,
1402 3087 1578 3146 sicuti
1620 3088 1773 3147 mari
1812 3085 2202 3165 portibusque
2246 3084 2561 3146 Caesarem

635 3167 1008 3247 prohibebat,
1041 3171 1123 3230 ita
1153 3171 1283 3248 ipse
1313 3172 1473 3229 omni
1506 3175 1669 3230 terra
1698 3188 1903 3231 earum
1932 3173 2245 3248 regionum
2265 3168 2558 3248 prohibe-

582 3262 614 3309 2
639 3252 848 3312 batur:
902 3253 1221 3331 praesidiis
1260 3255 1421 3313 enim
1462 3253 1770 3333 dispositis
1812 3257 2009 3315 omnia
2032 3256 2212 3316 litora
2241 3272 2275 3314 a
2305 3254 2559 3314 Caesare

633 3335 1013 3405 tenebantur,
1046 3354 1239 3415 neque
1271 3336 1538 3414 lignandi
1570 3345 1746 3417 atque
1777 3339 2034 3417 aquandi
2063 3356 2258 3417 neque
2280 3356 2463 3398 naves
2485 3337 2560 3398 ad

581 3428 616 3477 3
637 3430 862 3481 terram
893 3420 1187 3498 religandi
1219 3429 1479 3496 potestas
1508 3422 1704 3483 fiebat.
1764 3422 1910 3483 Erat
1933 3441 2038 3483 -res
2066 3426 2130 3483 in
2158 3440 2371 3499 magna
2401 3422 2559 3482 diffi-

634 3504 884 3572 cultate,
931 3508 1295 3584 summisque
1338 3509 1630 3583 angustiis
1670 3524 1872 3567 rerum
1905 3509 2390 3568 necessariarum
2422 3522 2560 3585 pre-

633 3586 969 3659 mebantur,
1002 3588 1149 3649 adeo
1173 3597 1240 3650 ut
1261 3599 1621 3669 cogerentur
1643 3593 1821 3653 sicuti
1842 3592 2142 3673 reliquum
2165 3601 2563 3651 commeatum

2719 0 2735 543 i
