2750 4255
594 216 822 275 COMM.
846 219 942 274 m.
986 218 1139 276 CAP.
1158 217 1764 274 LXXXXVIIII—CII.
2018 211 2136 276 117

215 385 719 467 opportunissime
772 385 993 448 nuntiis
1046 385 1256 447 adlatis
1307 385 1592 465 oppidum
1651 391 1742 445 est
1797 384 2139 456 defensum:

216 472 577 548 Cassiusque
628 470 701 530 ad
754 469 1150 549 Sulpicianam
1200 470 1341 531 inde
1393 470 1642 531 classem
1697 470 2001 548 profectus
2050 475 2142 529 est

215 555 526 624 Vibonem,
560 553 984 634 adplicatisque
1013 557 1235 615 nostris
1263 555 1336 615 ad
1364 559 1591 615 terram
1618 552 1870 613 navibus
1898 553 2140 613 circiter

213 652 313 698 XL
353 646 602 718 propter
642 639 898 699 eundem
947 641 1226 699 timorem
1276 641 1408 718 pari
1455 646 1629 719 atque
1684 645 1857 699 antea
1909 639 2139 699 ratione

222 720 540 803 [egerunt]
574 721 899 783 secundum
928 732 1135 784 nactus
1156 731 1398 784 ventum
1429 722 1730 783 onerarias
1758 739 1938 783 naves
1966 739 2138 802 prae-

211 814 458 887 paratas
482 806 554 866 ad
583 807 928 867 incendium
960 810 1201 878 inmisit,
1227 815 1288 868 et
1315 808 1548 869 flamma
1575 806 1649 866 ab
1679 812 1928 885 utroque
1951 824 2139 866 cornu

213 908 575 971 comprensa
596 907 775 951 naves
805 899 942 951 sunt
971 892 1309 953 combustae
1340 894 1623 970 quinque.
1684 891 1948 969 Cumque
1977 892 2135 967 ignis
2156 895 2194 947 4

213 974 628 1053 magnitudine
646 976 803 1035 venti
833 975 1010 1036 latius
1031 983 1319 1055 serperet,
1345 977 1583 1044 militeS,
1610 974 1711 1054 qui
1741 993 1813 1035 ex
1837 973 2138 1035 veteribus

212 1058 557 1136 legionibus
586 1064 757 1120 erant
795 1059 994 1120 relicti
1022 1060 1324 1139 praesidio
1364 1058 1615 1120 navibus
1656 1078 1729 1119 ex
1757 1076 2008 1120 numero
2038 1077 2137 1119 ae-

212 1161 486 1222 grorum,
528 1142 912 1220 ignominiam
952 1162 1070 1204 non
1110 1145 1395 1213 tulerunt,
1435 1142 1538 1204 sed
1581 1161 1686 1203 sua
1722 1150 1930 1222 sponte
1959 1161 2139 1205 naves

214 1227 695 1288 conscenderunt
740 1234 801 1286 et
852 1246 884 1288 a
922 1235 1084 1288 terra
1136 1228 1437 1289 solverunt
1486 1230 1830 1306 impetuque
1869 1230 2026 1288 sacto
2076 1230 2140 1288 in

214 1311 559 1374 Cassianam
599 1310 843 1371 classem
887 1312 1329 1392 quinqueremis
1358 1312 1532 1381 duaS,
1577 1313 1642 1371 in
1672 1329 1923 1389 quarum
1954 1312 2140 1373 altera

215 1402 353 1456 erat
382 1396 652 1465 CassiuS,
697 1403 1015 1474 ceperunt,
1059 1397 1163 1456 sed
1195 1398 1434 1458 Cassius
1475 1402 1757 1473 exceptus
1795 1395 2012 1474 scapha
2042 1413 2138 1455 re-

213 1481 403 1557 fugit3
456 1487 768 1558 praeterea
808 1480 959 1540 duae
998 1489 1135 1542 sunt
1186 1481 1501 1559 depressae
1553 1481 1851 1540 triremes.
1929 1478 2191 1558 Neques

216 1563 409 1624 multo
438 1570 574 1642 post
604 1564 677 1625 de
707 1563 935 1643 proelio
963 1566 1122 1625 facto
1153 1569 1215 1625 in
1244 1565 1549 1627 Thessalia
1582 1566 1884 1641 cognitum
1917 1570 2027 1634 est,
2074 1570 2140 1624 ut

214 1651 369 1728 ipsis
396 1647 775 1727 Pompeianis
803 1649 949 1709 fides
977 1650 1178 1711 fieret:
1222 1668 1357 1710 nam
1392 1656 1525 1710 ante
1559 1648 1618 1709 id
1662 1655 1898 1727 tempus
1934 1649 2077 1726 fingi
2105 1666 2139 1709 a

214 1733 429 1810 legatis
469 1734 797 1811 amicisque
838 1733 1108 1796 Caesaris
1150 1733 1616 1810 arbitrabantur.
1686 1731 1914 1802 Quibus
1955 1732 2139 1794 rebus

215 1819 482 1894 cognitis
510 1834 580 1877 ex
612 1817 707 1876 his
735 1817 883 1877 locis
914 1817 1149 1878 Cassius
1178 1836 1312 1878 cum
1343 1817 1532 1877 classe
1564 1816 1852 1877 discessit.

346 1900 467 1962 CII.
549 1901 767 1962 Caesar
816 1901 1093 1963 omnibus
1135 1901 1317 1962 rebus
1375 1900 1604 1960 relictis
1659 1899 2191 1978 persequendum1

218 1984 337 2046 sibi
376 1983 726 2065 Pompeium
765 1987 1151 2056 existimavit,
1198 2002 1599 2062 quascumque
1638 1985 1702 2044 in
1743 1991 1943 2062 partes
1972 2002 2035 2044 se
2066 2002 2139 2045 ex

217 2070 361 2145 fuga
389 2071 733 2148 recepisset,
764 2088 840 2131 ne
869 2088 1078 2131 rursus
1106 2072 1309 2149 copias
1338 2086 1682 2148 comparare
1723 2068 1868 2131 alias
1910 2074 1972 2129 et
2013 2067 2139 2129 bel-

218 2151 347 2212 lum
379 2170 665 2213 renovare
694 2161 915 2232 posset,
948 2163 1007 2216 et
1037 2162 1575 2234 quantumcumque
1607 2155 1843 2214 itineris
1872 2155 2138 2232 equitatu

219 2237 462 2297 efficere
491 2244 738 2315 poterat,
764 2239 981 2299 cotidie
1007 2238 1504 2318 progrediebatur
1523 2237 1932 2316 legionemque
1959 2255 2137 2297 unam

218 2319 553 2381 minoribus
582 2321 894 2383 itineribus
924 2323 1208 2402 subsequi
1240 2321 1431 2384 iussit.
1501 2322 1645 2383 Erat
1676 2321 1930 2382 edictum
1960 2320 2133 2381 Pom·
2156 2331 2191 2380 2

216 2406 320 2485 pei
366 2406 605 2464 nomine
636 2407 967 2485 Amphipoli
1009 2409 1412 2486 propositum,
1455 2410 1545 2468 uti
1585 2425 1789 2468 omnes
1832 2409 1962 2467 eius
1999 2422 2137 2483 pro·

219 2489 456 2548 vinciae
485 2488 766 2559 iuniores,
811 2490 1021 2551 Graeci
1066 2495 1340 2571 civesque
1372 2491 1638 2561 Romani,
1681 2492 1920 2552 iurandi
1961 2508 2138 2551 causa

216 2574 624 2633 convenirent.
714 2572 830 2635 Sed
889 2580 1086 2636 utrum
1138 2576 1490 2637 avertendae
1543 2578 1900 2655 suspicionis
1957 2582 2190 2635 causas

215 2657 539 2734 Pompeius
567 2660 1001 2737 proposuisset,
1045 2667 1111 2720 ut
1144 2679 1320 2740 quam
1350 2661 1686 2721 diutissime
1727 2660 2015 2738 longioris
2043 2660 2136 2719 fu-

216 2758 328 2819 gae
370 2740 680 2801 consilium
723 2743 1071 2813 occultaret,
1117 2763 1203 2805 ¹an
1243 2747 1412 2805 novis
1456 2744 1815 2813 delectibus,
1868 2746 1920 2804 si
1961 2760 2137 2802 nemo

215 2832 545 2902 premeret,
590 2825 995 2887 Macedoniam
1033 2834 1241 2888 tenere
1272 2837 1608 2897 conaretur,
1657 2827 1986 2887 existimari
2016 2844 2134 2886 non

214 2916 496 2988 poterat.-
530 2909 664 2988 Ipse
705 2910 777 2971 ad
819 2928 1093 2971 ancoram
1135 2928 1252 2971 una
1291 2918 1467 2971 nocte
1509 2911 1772 2970 constitit
1813 2914 1872 2970 et
1910 2912 2188 2970 vocatis4

214 2992 292 3053 ad
344 3009 409 3051 se
458 2992 794 3073 Amphipoli
844 2994 1179 3073 hospitibus
1231 3002 1291 3056 et
1340 2996 1595 3073 pecunia
1645 2994 1719 3054 ad
1766 2995 2135 3053 necessarios

214 3083 488 3155 sumptus
527 3084 836 3155 corrogata
878 3079 1110 3156 cognito
1151 3078 1424 3139 Caesaris
1477 3078 1729 3138 adventu
1771 3095 1845 3137 ex
1886 3095 1956 3137 eo
2004 3074 2133 3135 loco

214 3160 493 3222 discessit
522 3166 581 3220 et
609 3161 920 3239 Mytilenas
948 3165 1155 3241 paucis
1190 3161 1404 3223 diebus
1431 3162 1610 3222 venit.
1682 3161 1939 3221 Biduum
1982 3166 2130 3220 tem·
2153 3167 2185 3217 ὅ

214 3250 444 3323 pestate
477 3250 744 3305 retentus
775 3245 1143 3322 navibusque
1175 3246 1307 3306 aliis
1338 3246 1558 3306 additis
1587 3246 1871 3308 actuariis
1899 3246 1961 3304 in
1994 3244 2133 3308 Cili·

214 3328 369 3387 ciam
391 3335 567 3407 atque
596 3327 735 3388 inde
759 3329 1014 3408 Cyprum
1037 3331 1330 3409 pervenit.
1377 3329 1469 3390 Ibi
1495 3331 1815 3408 cognoscit,
1841 3345 2134 3390 consensu

215 3411 477 3472 omnium
507 3411 997 3474 Antiochensium
1031 3414 1363 3493 civiumque
1395 3413 1822 3483 Romanorum,
1868 3414 1972 3493 qui
2010 3412 2134 3472 illic

209 3497 691 3573 negotiarentur,
737 3514 938 3557 arcem
979 3506 1208 3578 captam
1251 3515 1384 3560 esse
1426 3498 1778 3560 excludendi
1822 3499 1914 3559 sui
1957 3514 2135 3558 causa

2168 3685 2181 3716 i

2318 3953 2333 4006 ,Ι

2262 4017 2317 4042 ’Ἴ

2314 4047 2317 4054 .

2334 3801 2603 3950 s
