2750 4255
590 310 678 377 60
1230 314 1330 371 DE
1370 312 1603 371 BELLO
1647 312 1869 371 01V1Ll

591 477 927 561 offenditis.
1019 475 1144 557 Qui
1181 477 1256 542 de
1294 477 1451 542 meis
1505 476 1580 540 in
1616 495 1725 542 vos
1762 475 2001 540 meritis
2026 475 2551 557 praedicationis

590 582 721 628 non
757 581 926 642 sum,
972 582 1133 644 quae
1169 565 1319 627 sunt
1356 560 1564 626 adhuc
1603 564 1661 625 et
1697 580 1839 625 mea
1874 559 2192 625 voluntate
2231 564 2291 624 et
2312 564 2549 625 vestra

592 647 1005 729 aepeetatione
1034 646 1303 725 leviora,·
1341 645 1456 710 sed
1480 648 1691 709 tamen
1715 645 1821 710 sui
1849 643 2082 709 laboris
2110 644 2338 708 mititae
2366 662 2546 708 sem-

580 751 703 815 per
740 734 960 796 eventa
988 730 1131 798 belli
1157 729 1459 812 praemia
1486 729 1874 810 petiverunt,
1916 728 2029 810 qui
2056 728 2267 808 qualis
2296 729 2403 793 sit
2426 727 2546 808 fu-

591 820 801 894 turas,
859 834 941 880 ne
978 832 1095 880 vos
1148 813 1398 895 quidem
1437 812 1772 878 dubitatis:
1829 777 2219 895 diliyentiam
2271 813 2548 894 quddem

590 904 876 964 nostram
904 902 1036 977 aut,
1067 917 1248 979 quem
1275 898 1365 962 ad
1389 898 1580 980 finem
1608 897 1815 962 adhue
1839 915 1940 961 res
1955 896 2288 978 prooessit,
2315 895 2547 976 fortw-
2656 922 2657 989 ἶ

496 994 557 1045 11
586 1003 744 1048 nam
781 1003 896 1047 our
922 981 1367 1065 praeteream?
1419 979 1534 1047 An
1560 982 1844 1063 paenitet
1879 999 2017 1059 vos,
2073 980 2240 1062 quod
2274 980 2546 1045 salmom
2656 1002 2657 1017 ¹

594 1071 781 1148 atque
818 1067 1187 1131 incolumem
1215 1067 1551 1131 exercitum
1576 1065 1760 1131 nulla
1802 1065 2056 1129 ommino
2080 1084 2248 1129 nave
2288 1065 2543 1129 deside-
2656 1088 2657 1099 ¹

595 1154 748 1215 rata
777 1150 1170 1215 bradeixerim
1185 1148 1222 1215 3
1264 1151 1433 1232 quod
1459 1149 1716 1215 classem
1742 1148 2014 1214 hostiam
2037 1149 2246 1230 primo
2287 1149 2546 1230 ”npetu

595 1234 932 1300 adveniens
946 1233 1472 1332 profliyaverim?
1513 1234 1682 1315 quod
1707 1233 1803 1299 bis
1817 1253 1939 1314 per
1968 1232 2229 1298 biduum
2255 1234 2544 1314 equestri

582 1319 825 1402 proelio
861 1319 1315 1403 siweraverim.
1304 1317 1336 1365 9
1379 1319 1546 1399 quod
1582 1337 1658 1383 ex
1687 1321 1883 1401 porta
1920 1317 2187 1398 sinuque
2226 1317 2540 1382 adversa-

591 1404 838 1469 riorwm
867 1419 933 1461 σο
954 1422 1148 1469 naves
1174 1407 1469 1468 oneratas
1496 1402 1866 1467 abduxerim
1893 1419 2078 1482 eoque
2104 1400 2246 1465 iilos
2273 1420 2538 1483 eompa-

595 1488 795 1567 lerim,
822 1491 896 1553 ut
914 1507 1112 1568 neque
1127 1487 1405 1569 pedestri
1430 1487 1654 1551 itinere
1673 1505 1870 1568 neque
1889 1484 2162 1550 navibus
2181 1490 2538 1551 commeatu

497 1583 559 1633 12
587 1573 806 1638 iuvari
836 1570 1131 1654 possint?
1171 1569 1323 1635 Hac
1359 1589 1468 1635 vos
1492 1570 1756 1650 fortuma
1784 1574 1970 1651 atque
2008 1568 2109 1633 his
2136 1569 2401 1635 ducibus
2420 1590 2533 1634 re-

583 1655 879 1754 pudiatis
910 1653 1359 1738 Gorfimiensem
1385 1654 1823 1736 iqnominiam‚
1855 1652 2094 1719 Italiae
2117 1652 2236 1736 fuq
2237 1673 2363 1732 am,
2386 1652 2531 1718 Hi-

593 1740 976 1820 spaniarum
1016 1738 1415 1816 deditionem,
1461 1736 1679 1818 Africi
1719 1737 1859 1802 belli
1886 1673 2295 1836 praeiudicia
2314 1739 2529 1820 ‹sequi-

498 1835 561 1884 13
591 1822 796 1888 mini!
835 1821 1152 1904 Equidem
1178 1842 1275 1887 me
1299 1821 1595 1888 Caesaris
1620 1822 1879 1887 mititem
1909 1821 2035 1887 diei
2058 1821 2263 1901 votui,
2290 1840 2401 1887 vos
2428 1842 2530 1887 me

593 1908 995 1990 imperatoris
1020 1908 1274 1972 nomine
1301 1906 1744 1989 appellavistis.
1793 1905 1992 1972 Gaius
2018 1906 2078 1971 si
2097 1924 2206 1970 vos
2220 1907 2525 1988 paenitet,

592 1997 865 2058 vestrum
900 1991 1073 2057 vobis
1112 1991 1477 2074 beneficium
1515 1991 1788 2069 remitto,
1852 1990 2014 2055 mihi
2055 2009 2262 2054 meum
2299 2009 2526 2055 noonen

598 2077 930 2176 restituite,
973 2096 1055 2143 ne
1094 2077 1184 2143 ad
1222 2075 1663 2143 contumeliam
1701 2075 1998 2142 honorem
2040 2074 2278 2140 dedisse
2312 2075 2523 2141 videa-

593 2182 776 2227 mim.

544 2258 600 2309 ι’
723 2248 990 2310 XXXIII.
1052 2246 1179 2319 Qua
1220 2250 1489 2308 oratione
1531 2248 1785 2327 permoti
1825 2247 2047 2308 milites
2089 2246 2305 2307 crebro
2343 2248 2523 2308 etiam

596 2334 898 2395 dicentem
927 2330 1420 2411 interpellabant,
1462 2339 1527 2391 ut
1555 2349 1768 2409 magno
1797 2349 1934 2393 cum
1964 2331 2167 2393 dolore
2208 2331 2522 2393 infidelita·

592 2418 677 2478 tis
714 2417 1119 2494 suspicionem
1171 2417 1469 2476 sustinere
1509 2414 1882 2486 viderentur,
1936 2415 2344 2476 discedentem
2381 2433 2521 2476 vero

596 2519 670 2561 ex
700 2502 977 2560 contione
1007 2500 1272 2560 universi
1301 2499 1715 2568 cohortantur,
1758 2518 1972 2578 magno
2002 2502 2082 2561 sit
2109 2502 2339 2570 animo,
2376 2517 2520 2562 nee·

596 2584 701 2646 ubi
754 2582 989 2645 dubitet
1037 2584 1330 2663 proelium
1377 2587 1751 2645 committere
1803 2592 1864 2645 et
1898 2602 2074 2646 ¹suam
2111 2583 2293 2645 fidem
2330 2586 2520 2647 -virtu-

541 2679 574 2728 2
598 2675 840 2748 temque
870 2669 1156 2747 experiri.
1207 2667 1335 2739 Quo
1364 2669 1521 2730 facto
1551 2675 1907 2730 commutata
1939 2670 2200 2730 omnium
2226 2676 2291 2729 et
2319 2669 2518 2729 volun-

594 2759 717 2813 tate
757 2759 819 2812 et
861 2754 1142 2831 opinione
1184 2771 1483 2815 consensu
1512 2770 1745 2815 summo
1786 2754 2097 2814 constituit
2126 2751 2333 2823 Curio,
2384 2770 2518 2813 cum

593 2839 857 2918 primum
886 2839 968 2897 sit
996 2837 1131 2899 data
1159 2844 1446 2917 potestas,
1477 2838 1708 2917 proelio
1738 2856 1869 2899 rem
1898 2838 2291 2906 committere,
2323 2845 2515 2915 poste-

594 2940 781 3002 roque
814 2921 911 2982 die
940 2922 1264 3001 productos
1293 2922 1505 2983 eodem
1531 2922 1681 2993 loco,
1714 2940 1831 3002 quo
1863 2920 2279 3001 superioribus
2310 2920 2516 2982 diebus

542 3015 575 3066 8
598 3009 977 3077 constiterat,
1030 3009 1095 3068 in
1145 3009 1274 3068 acie
1328 3006 1596 3068 collocat.
1683 3006 1772 3067 Ne
1802 3007 2000 3067 Varus
2047 3003 2289 3085 quidem
2324 3006 2513 3066 Attius

594 3090 826 3152 dubitat
878 3093 1081 3170 copias
1120 3092 1488 3171 producere,
1543 3092 1668 3151 sive
1722 3090 2082 3151 sollicitandi
2123 3088 2347 3151 milites
2393 3092 2512 3150 sive

593 3193 783 3255 aequo
825 3175 956 3236 loco
987 3175 1308 3237 dimicandi
1341 3175 1519 3235 detur
1546 3176 1814 3245 occasio,
1857 3193 1934 3235 ne
1973 3174 2318 3236 facultatem
2347 3191 2509 3253 prae·

591 3262 907 3323 termittat.

542 3351 572 3402 1
721 3341 1015 3405 xxxlm.
1085 3344 1233 3407 Erat
1270 3343 1445 3405 vallis
1482 3345 1641 3404 inter
1670 3343 1817 3405 duas
1855 3346 2045 3413 acies,
2091 3350 2160 3403 ut
2192 3360 2377 3422 supra
2412 3341 2507 3403 de·

590 3432 986 3488 monstratum
1034 3436 1156 3499 est,
1215 3445 1335 3488 non
1386 3430 1473 3489 ita
1522 3444 1766 3506 magna,
1828 3436 1888 3490 at
1938 3426 2173 3489 difficili
2224 3433 2287 3487 et
2336 3426 2507 3488 arduo

594 3527 863 3572 ascensu.
923 3511 1091 3572 Hanc
1119 3519 1371 3592 uterque
1401 3514 1454 3575 si
1496 3513 1976 3574 adversariorum
2005 3513 2213 3591 copiae
2260 3512 2504 3571 transire

593 3601 987 3667 cona-rentur,
1018 3594 1397 3678 expectabat,
1429 3616 1547 3680 quo
1578 3599 1863 3678 aequiore
1893 3597 2022 3658 loco
2041 3595 2339 3677 proelium
2361 3612 2507 3656 com·

177 3771 612 4130 N
