2750 4255
596 303 722 369 106
1240 306 1334 362 DE
1379 304 1608 363 BELLO
1654 304 1772 361 CIV
1776 305 1873 360 ILI

593 493 785 556 paene
827 472 1101 535 omnibus
1131 474 1323 552 copiis
1352 473 1604 534 amissis.
1678 471 1838 532 Haec
1877 472 2096 533 itinera
2131 472 2348 534 infesta
2376 471 2521 533 red·

596 559 853 627 diderat,
897 559 1045 619 haec
1074 559 1348 618 civitates
1377 556 1690 617 nonnullas
1732 555 1806 616 ab
1837 556 1966 616 eius
1994 555 2255 617 amicitia
2282 564 2518 618 averte·

534 643 717 722 §bah
774 641 1006 714 Quibus
1033 642 1253 703 accidit
1282 640 1485 710 rebus,
1516 649 1584 702 ut
1613 640 1887 720 pluribus
1917 640 2147 701 dimissi
2191 640 2520 702 itineribus

595 748 630 789 a
658 728 909 791 Caesare
940 726 1014 787 ad
1044 725 1368 786 Domitium
1412 736 1471 786 et
1512 745 1545 786 a
1580 725 1841 786 Domitio
1882 725 1956 787 ad
1999 725 2313 787 Caesarem
2355 725 2521 786 nulla

536 821 576 874 6
597 814 830 874 ratione
869 813 988 873 iter
1016 811 1308 870 conficere
1349 819 1611 888 possent.
1683 809 1802 870 Sed
1841 808 2222 886 Allobroges,
2267 809 2523 871 Raucilli

593 907 771 976 atque
801 896 911 973 Egi
952 893 1302 962 familiares,
1345 912 1494 973 quos
1537 895 1868 973 perfugisse
1914 894 1989 954 ad
2016 893 2368 973 Pompeium
2413 895 2521 955 de-

592 980 1067 1049 monstravimus,
1100 980 1428 1056 conspicati
1459 980 1521 1038 in
1566 979 1788 1039 itinere
1819 978 2224 1058 exploratores
2253 978 2517 1048 Domitii,

591 1083 699 1125 seu
741 1065 996 1144 pristina
1034 1080 1138 1123 sua
1171 1062 1626 1131 consuetudine,
1670 1062 1830 1139 quod
1872 1081 1991 1123 una
2035 1065 2098 1123 in
2130 1062 2319 1124 Gallia
2361 1062 2523 1124 bella

591 1154 918 1227 gesserant,
961 1165 1068 1207 seu
1108 1146 1297 1224 gloria
1343 1146 1513 1216 elati,
1554 1156 1786 1216 cuncta,
1831 1155 1896 1207 ut
1934 1156 2106 1207 erant
2144 1156 2294 1217 acta,
2336 1165 2520 1226 expo-

594 1240 846 1295 suerunt
889 1239 950 1292 et
978 1231 1250 1293 Caesaris
1277 1231 1729 1310 profectionem,
1773 1231 2091 1293 adventum
2121 1230 2369 1310 Pompei
2411 1232 2518 1292 do-

538 1326 573 1378 ’1
595 1325 867 1378 cuerunt.
930 1319 977 1377 Α
1006 1314 1226 1395 quibus
1255 1313 1551 1375 Domitius
1580 1316 1803 1376 certior
1842 1316 2037 1378 factus
2066 1315 2159 1375 vix
2188 1327 2299 1375 1111
2343 1315 2519 1376 hora·

591 1420 728 1462 rum
757 1403 950 1481 spatio
981 1398 1341 1460 antecedens
1367 1399 1627 1460 hostium
1671 1398 1960 1460 beneflcio
2004 1399 2338 1478 periculum
2369 1401 2518 1461 vita·

590 1489 678 1546 vit
724 1493 784 1546 et
824 1485 898 1545 ad
939 1486 1285 1561 Aeginium,
1328 1482 1489 1561 quod
1529 1493 1618 1544 est
1659 1482 1961 1545 obiectum
1994 1480 2515 1565 [oppositumque]

592 1570 952 1637 Thessaliae,
984 1568 1223 1629 Caesari
1255 1567 1513 1627 venienti
1542 1570 1825 1629 occurrit.

543 1666 573 1712 ι
704 1652 953 1713 LXXX.
1024 1651 1352 1725 Coniuncto
1395 1653 1663 1713 exercitu
1705 1652 1923 1713 Caesar
1965 1651 2265 1732 Gomphos
2305 1671 2518 1732 perve-

596 1739 706 1806 nit,
739 1736 896 1816 quod
929 1742 1019 1795 est
1048 1734 1331 1813 oppidum
1362 1737 1620 1814 primum
1652 1736 1998 1798 Thessaliae
2031 1737 2409 1798 venientibus
2443 1737 2518 1798 ab

590 1820 809 1901 Epiro;
850 1838 1002 1899 quae
1043 1836 1189 1897 gens
1228 1821 1437 1898 paucis
1479 1829 1615 1881 ante
1656 1819 1964 1881 mensibus
2002 1820 2158 1881 ultro
2200 1821 2276 1882 ad
2306 1821 2517 1882 Caesa-

593 1924 721 1967 rem
749 1906 974 1983 legatos
1005 1906 1279 1974 miserat,
1330 1914 1395 1965 ut
1422 1907 1548 1965 suis
1576 1904 1855 1966 omnibus
1894 1904 2277 1967 facultatibus
2322 1913 2518 1966 utere·

537 2000 571 2050 2
594 1998 710 2059 tur,
741 1989 1226 2070 praesidiumque
1257 1988 1332 2049 ab
1363 2007 1436 2050 eo
1465 1989 1725 2050 militum
1753 1991 2029 2068 petierat.
2104 1988 2223 2050 Sed
2262 2008 2333 2050 eo
2362 1991 2519 2072 fama

593 2077 712 2137 iam
743 2080 1180 2154 praecurrerat,
1222 2090 1400 2154 quam
1431 2090 1611 2151 supra
1644 2074 1971 2142 docuimus,
2006 2073 2079 2135 de
2109 2074 2336 2153 proelio
2366 2074 2517 2154 Dyr·

538 2169 572 2218 3
595 2160 906 2228 rhachino,
951 2158 1108 2236 quod
1148 2157 1351 2218 multis
1392 2167 1637 2219 auxerat
1677 2157 1968 2238 partibus.
2038 2158 2246 2237 Itaque
2288 2158 2518 2220 Andro·

595 2245 857 2311 sthenes,
888 2251 1131 2321 praetor
1159 2241 1521 2312 Thessaliae,
1564 2261 1699 2304 cum
1730 2261 1793 2303 se
1824 2243 2110 2303 victoriae
2141 2243 2387 2322 Pompei
2417 2261 2517 2303 co-

596 2330 804 2389 mitem
835 2343 964 2386 esse
996 2326 1199 2386 mallet
1228 2343 1405 2405 quam
1437 2328 1664 2387 socium
1695 2326 1970 2387 Caesaris
2000 2329 2064 2386 in
2096 2326 2278 2388 rebus
2309 2327 2518 2388 adver·

595 2414 699 2480 sis,
732 2426 969 2470 omnem
1000 2428 1072 2469 ex
1101 2410 1261 2486 agris
1289 2410 1732 2472 multitudinem
1753 2428 2057 2472 servorum
2089 2429 2158 2471 ac
2186 2410 2520 2473 liberorum

596 2497 661 2556 in
703 2493 987 2573 oppidum
1029 2496 1189 2570 cogit
1225 2504 1544 2575 portasque
1588 2495 1921 2575 praecludit
1962 2502 2023 2555 et
2064 2495 2135 2555 ad
2174 2495 2517 2574 Scipionem

595 2578 1060 2658 Pompeiumque
1092 2579 1332 2639 nuntios
1362 2581 1568 2648 mittit,
1600 2588 1667 2639 ut
1696 2579 1815 2639 sibi
1845 2578 2115 2643 subsidio
2145 2581 2417 2640 veniant:
2452 2598 2517 2641 se

594 2662 894 2724 confidere
935 2662 1370 2723 munitionibus
1411 2663 1644 2743 oppidi,
1688 2665 1741 2723 si
1782 2663 2059 2724 celeriter
2099 2671 2516 2736 succurratur;

539 2755 575 2804 4
596 2746 979 2826 longinquam
1019 2748 1521 2826 oppugnationem
1564 2749 1859 2808 sustinere
1901 2766 2020 2808 non
2050 2766 2241 2827 posse.
2316 2747 2517 2827 Scipio

595 2832 860 2892 discessu
893 2833 1264 2892 exercituum
1286 2830 1359 2892 ab
1385 2830 1754 2911 Dyrrhachio
1776 2834 2015 2909 cognito
2040 2831 2300 2893 Larisam
2329 2831 2515 2909 legio·

594 2933 700 2978 nes
738 2915 1097 2987 adduxerat;
1148 2915 1468 2995 Pompeius
1508 2916 1769 2977 nondum
1810 2915 2152 2977 Thessaliae
2195 2917 2518 2996 adpropin-

541 2999 835 3080 oquabat.
918 2998 1133 3060 Caesar
1187 3001 1402 3060 castris
1442 3003 1690 3061 munitis
1739 3000 1928 3061 scalas
1977 3000 2392 3081 musculosque
2442 3001 2517 3062 ad

594 3087 971 3163 repentinam
1012 3085 1513 3162 oppugnationem
1560 3085 1693 3145 fieri
1734 3092 1796 3144 et
1833 3091 2027 3145 crates
2080 3087 2278 3163 parari
2320 3086 2513 3146 iussit.

544 3176 578 3227 a
601 3166 831 3238 Quibus
858 3166 1042 3228 rebus
1071 3168 1299 3228 effectis
1329 3167 1673 3229 cohortatus
1702 3167 1926 3229 milites
1956 3169 2187 3237 docuit,
2232 3176 2515 3249 quantum

594 3271 769 3313 usum
815 3250 1063 3312 haberet
1106 3252 1179 3312 ad
1221 3251 1645 3313 sublevandam
1687 3254 1952 3314 omnium
1993 3271 2197 3313 rerum
2253 3255 2517 3331 inopiam

594 3337 775 3414 potiri
804 3335 1021 3414 oppido
1050 3335 1226 3414 pleno
1256 3343 1432 3416 atque
1461 3337 1761 3416 opulento,
1804 3337 1983 3398 simul
2025 3337 2276 3417 reliquis
2309 3338 2516 3399 civita·

596 3419 759 3480 tibus
790 3418 968 3479 huius
999 3419 1168 3480 urhis
1198 3420 1466 3498 exemplo
1498 3422 1723 3482 inferre
1756 3429 2049 3482 terrorem
2076 3429 2135 3481 et
2166 3421 2225 3481 id
2256 3423 2387 3482 fieri
2418 3440 2512 3482 ce·

462 3553 463 3556 ,
542 3510 574 3561 '1
599 3501 826 3572 leriter,
859 3504 1209 3582 priusquam
1238 3503 1452 3565 auxilia
1483 3514 1927 3567 concurrerent.
1987 3505 2192 3585 Itaque
2226 3524 2368 3567 usus
2396 3508 2518 3566 sin·

593 3586 788 3666 gulari
819 3586 1077 3648 militum
1105 3587 1306 3649 studio
1326 3588 1552 3660 eodem,
1585 3606 1703 3669 quo
1726 3600 1989 3661 venerat,
2022 3589 2118 3650 die
2146 3598 2282 3668 post
2312 3590 2518 3651 horam
