2750 4255
525 227 610 293 72
1166 232 1263 290 DE
1305 232 1552 299 BELLO,
1583 232 1801 290 clvm

473 407 504 458 '1
526 409 681 467 rant,
712 401 776 460 in
805 401 1074 479 proxima
1105 399 1308 463 Octavi
1339 407 1534 461 castra
1564 402 1942 480 inruperunt.
2009 398 2118 461 His
2147 415 2451 479 expugna·

525 486 606 545 tis
635 484 846 544 eodem
875 487 1104 565 impetu
1133 484 1320 545 altera
1349 492 1489 545 sunt
1519 485 1731 555 adorti,
1768 485 1912 545 inde
1923 486 2121 545 ‚tertia
2151 491 2213 544 et
2240 493 2456 563 quarta

528 576 588 629 et
618 568 901 649 deinceps
927 568 1178 649 reliqua,
1210 567 1606 649 omnibusque
1637 587 1740 630 eos
1770 570 1983 630 castris
2012 568 2371 648 expulerunt
2394 576 2458 627 et

527 670 741 731 magno
771 671 1022 714 numero
1050 655 1369 714 interfecto
1397 653 1660 734 reliquos
1695 661 1873 734 atque
1903 655 2107 733 ipsum
2138 651 2458 714 Octavium

524 739 589 798 in
630 754 809 799 naves
850 738 1173 815 confugere
1214 742 1559 816 coegerunt.
1651 735 1795 818 [Hic
1835 738 1950 798 fuit
1990 736 2456 816 oppugnationis

474 828 507 878 8
530 819 768 901 exitus]
834 821 1076 901 Iamque
1116 814 1308 882 hiems
1348 821 1896 902 adpropinquabat,
1939 828 2001 881 et
2043 823 2223 885 tantis
2264 819 2451 879 detri-

525 906 746 966 mentis
786 909 1047 984 acceptis
1087 904 1368 967 Octavius
1408 906 1718 986 desperata
1761 907 2201 987 oppugnatione
2244 903 2455 984 oppidi

525 989 964 1069 Dyrrhachium
996 1007 1128 1051 sese
1158 991 1233 1051 ad
1261 990 1613 1070 Pompeium
1641 993 1892 1070 recepit.

476 1082 504 1130 ι
655 1073 728 1133 Χ.
788 1074 1358 1145 Demonstravimus,
1414 1075 1483 1136 L.
1533 1074 1858 1139 Vibullium
1902 1073 2149 1142 Rufum,
2202 1071 2458 1151 Pompei

523 1158 924 1235 praesectum,
970 1159 1064 1220 bis
1103 1160 1168 1219 in
1206 1167 1561 1239 potestatem
1600 1161 1943 1239 pervenisse
1973 1157 2243 1219 Caesaris
2271 1164 2459 1235 atque

527 1241 601 1301 ab
633 1259 704 1302 eo
734 1261 865 1304 esse
897 1243 1238 1315 dimissum,
1282 1245 1467 1305 semel
1497 1244 1568 1305 ad
1601 1245 1956 1313 Corfinium,
1997 1244 2220 1302 iterum
2249 1243 2315 1300 in
2342 1239 2460 1300 Hi-

470 1333 504 1383 2
529 1328 754 1405 spania.
816 1327 987 1389 Hunc
1016 1345 1127 1408 pro
1159 1331 1283 1389 suis
1312 1328 1623 1390 beneflciis
1653 1329 1869 1390 Caesar
1908 1327 2191 1387 idoneum
2219 1324 2474 1390 iudica-.

486 1419 719 1483 sverat,
780 1431 959 1493 quem
999 1431 1136 1474 cum
1174 1413 1468 1474 mandatis
1511 1413 1584 1473 ad
1624 1413 1731 1475 Cn.
1772 1412 2120 1490 Pompeium
2162 1411 2458 1479 mitteret,

526 1495 900 1576 eundemque
941 1497 1098 1575 apud
1128 1497 1233 1558 Cn.
1265 1497 1615 1576 Pompeium
1655 1499 2073 1558 auctoritatem
2102 1493 2325 1554 habere
2355 1495 2457 1552 in·

470 1586 504 1634 3
526 1579 866 1656 tellegebat.
925 1580 1071 1641 Erat
1099 1588 1296 1641 autem
1327 1582 1475 1641 haec
1496 1599 1723 1642 summa
1751 1580 2195 1642 mandatorum:
2227 1577 2456 1638 debere

526 1670 844 1743 utrumque
886 1666 1252 1742 pertinaciae
1294 1666 1475 1725 finem
1501 1665 1700 1726 facere
1732 1672 1792 1726 et
1819 1663 1895 1724 ab
1928 1665 2109 1724 armis
2140 1661 2453 1723 discedere

472 1754 509 1803 4
528 1764 725 1825 neque
766 1747 1020 1827 amplius
1058 1749 1359 1809 fortunam
1409 1749 1759 1828 periclitari.
1850 1748 2007 1809 Satis
2056 1764 2188 1808 esse
2237 1763 2453 1823 magna

525 1832 824 1912 utrimque
884 1833 1257 1894 incommoda
1316 1840 1587 1914 accepta,
1648 1851 1799 1914 quae
1857 1850 1970 1912 pro
2021 1831 2340 1910 disciplina
2390 1837 2452 1890 et

525 1919 863 1995 praeceptis
911 1917 1136 1978 hahere
1182 1926 1456 1998 possent,
1509 1926 1579 1981 ut
1613 1919 1879 1998 reliquos
1921 1934 2093 1977 casus
2132 1917 2447 1976 timerent.

468 2009 503 2057 5
528 2000 694 2060 illum
722 2001 892 2062 Italia
930 2002 1242 2082 expulsum
1282 2004 1499 2063 amissa
1529 2002 1732 2063 Sicilia
1774 2009 1834 2062 et
1868 2000 2149 2060 Sardinia
2188 1997 2445 2059 duabus·

523 2103 639 2165 que
670 2084 976 2167 Hispaniis
1016 2094 1076 2148 et
1116 2086 1466 2148 cohortibus
1501 2084 1576 2149 in
1616 2087 1787 2149 Italia
1827 2092 2006 2165 atque
2036 2083 2323 2164 Hispania
2360 2084 2447 2143 ci·-

522 2172 686 2230 vium
714 2170 1114 2232 Romanorum
1146 2178 1384 2231 centum
1416 2178 1592 2252 atque
1622 2184 1804 2241 xxx3
1852 2188 1915 2230 se
1947 2177 2140 2230 morte
2171 2169 2450 2231 Curionis
2565 2225 2571 2230 .

524 2261 586 2314 et
626 2253 984 2315 detrimento
1013 2255 1279 2315 Africani
1319 2258 1619 2317 exercitus
1662 2263 1826 2318 tanto
1866 2254 2243 2333 militumque
2283 2251 2449 2313 dedi·

470 2346 506 2395 6
529 2340 693 2397 tione
734 2338 807 2399 ad
870 2334 1188 2399 Curictam.
1260 2338 1521 2400 Proinde
1562 2338 1679 2401 sibi
1721 2358 1789 2400 ac
1830 2338 2198 2417 reipublicae
2237 2353 2451 2415 parce-

524 2427 693 2490 rent,
733 2438 902 2498 cum,
933 2430 1217 2501 quantum
1248 2425 1312 2484 in
1343 2424 1501 2485 bello
1526 2426 1765 2486 fortuna
1793 2428 2029 2502 posset,
2061 2424 2183 2483 iam
2212 2422 2325 2501 ipsi
2355 2421 2449 2481 in-

468 2513 501 2562 ‘1
528 2505 856 2566 commodis
899 2509 1022 2567 suis
1063 2509 1210 2568 satis
1249 2516 1450 2569 essent
1487 2509 1861 2570 documento.
1921 2506 2047 2568 Hoc
2086 2523 2273 2566 unum
2316 2523 2449 2565 esse

523 2597 763 2668 tempus
804 2590 876 2650 de
918 2609 1065 2670 pace
1107 2591 1350 2669 agendi,
1396 2594 1538 2654 dum
1578 2592 1696 2654 sibi
1738 2599 1990 2671 uterque
2032 2590 2359 2651 confideret
2385 2596 2451 2650 et

522 2689 700 2752 pares
741 2673 914 2734 ambo
953 2676 1330 2748 viderentur;
1390 2680 1443 2739 si
1483 2694 1625 2737 vero
1656 2677 1831 2738 alteri
1860 2675 2099 2755 paulum
2129 2674 2304 2735 modo
2333 2676 2447 2733 tri-

524 2757 755 2818 buisset
804 2760 1074 2830 fortuna,
1127 2780 1247 2821 non
1296 2779 1430 2822 esse
1479 2779 1730 2822 usurum
1780 2759 2230 2822 condicionibus
2279 2760 2449 2837 pacis

523 2860 679 2913 eum,
712 2845 816 2922 qui
845 2847 1121 2924 superior
1149 2846 1473 2917 videretur,
1508 2863 1702 2925 neque
1731 2846 1857 2906 sore
1889 2862 2076 2924 aequa
2105 2850 2274 2923 parte
2304 2860 2445 2903 con-

467 2934 502 2983 8
524 2933 774 2998 tentum,
807 2932 910 3007 qui
941 2947 1004 2989 se
1036 2932 1234 2990 omnia
1262 2930 1607 2992 habiturum
1636 2930 1981 2990 confideret.
2052 2927 2448 2988 Condiciones

520 3014 711 3090 pacis,
756 3016 1037 3091 quoniam
1078 3023 1251 3074 antea
1294 3017 1615 3076 convenire
1657 3032 1774 3075 non
1816 3015 2179 3093 potuissent,
2223 3011 2447 3072 Romae

468 3103 500 3153 9
527 3095 601 3155 ab
656 3103 864 3157 senatu
923 3107 982 3160 et
1040 3116 1072 3158 a
1131 3099 1348 3177 populo
1404 3101 1529 3178 peti
1587 3097 1827 3159 debere.
1914 3097 2153 3158 Interea
2210 3103 2272 3156 et
2321 3097 2446 3156 rei-

520 3180 795 3259 publicae
851 3189 911 3242 et
964 3184 1112 3261 ipsis
1165 3184 1405 3261 placere
1450 3188 1759 3261 oportere,
1818 3184 1869 3243 si
1910 3189 2162 3261 uterque
2203 3183 2267 3241 in
2302 3197 2446 3240 con-

519 3266 682 3325 tione
739 3268 940 3327 statim
996 3267 1341 3336 iuravisset,
1403 3284 1468 3326 se
1525 3266 1726 3327 triduo
1785 3268 2057 3346 proximo
2115 3266 2446 3327 exercitum

440 3357 507 3405 ιο
526 3348 943 3422 dimissurum.
1001 3350 1300 3428 Depositis
1350 3352 1534 3411 armis
1584 3351 1972 3431 auxiliisque,
2023 3348 2242 3429 quibus
2284 3366 2445 3410 nunc

519 3434 920 3505 confiderent,
980 3437 1322 3495 necessario
1371 3435 1575 3514 populi
1627 3443 1985 3515 senatusque
2037 3434 2263 3495 iudicio
2312 3435 2445 3494 fore

438 3526 503 3573 ιι
523 3528 840 3601 utrumque
883 3525 1245 3579 contentum.
1338 3517 1528 3600 [Haec
1558 3538 1675 3601 quo
1716 3521 1744 3580 f
1744 3520 1952 3580 acilius
1979 3518 2265 3601 Pompeio
2302 3536 2444 3600 pro-
