2750 4255
683 301 805 366 114
1324 306 1422 361 DE
1463 305 1696 363 BELLO
1741 305 1860 363 CIV
1862 305 1960 361 [LI

677 474 1047 553 praetorium
1080 473 1346 543 contulit,
1383 490 1647 534 summae
1679 475 1770 533 rei
1800 473 2077 534 diffidens
2108 480 2170 534 et
2197 479 2390 535 tamen
2419 489 2569 533 even·

677 564 802 618 tum
839 564 1178 636 expectans,

629 650 657 699 1
805 640 1144 702 LXXXXV.
1216 639 1436 703 Caesar
1476 634 1856 720 Pompeianis
1889 658 1963 701 ex
2001 642 2142 719 fuga
2183 643 2341 702 intra
2379 640 2573 701 vallum

677 725 1007 805 compulsis
1031 725 1257 786 nullum
1280 726 1537 803 spatium
1563 727 1907 804 perterritis
1924 725 2067 785 dare
2089 732 2371 803 oportere
2394 726 2575 785 existi·

676 828 847 871 mans
875 809 1097 869 milites
1126 808 1473 869 cohortatus
1504 816 1615 879 est,
1641 816 1709 869 ut
1737 808 2029 869 beneficio
2060 809 2334 870 fortunae
2356 815 2575 870 uteren-

624 903 654 952 2
678 901 778 955 tur
817 902 1128 973 castraque
1172 901 1607 971 oppugnarent.
1687 891 1832 962 Qui,
1887 894 2002 953 etsi
2052 910 2266 970 magno
2310 900 2476 955 aestu
2506 924 2578 938 ——

677 996 811 1039 nam
846 977 918 1038 ad
950 977 1266 1037 meridiem
1297 994 1397 1037 res
1427 988 1556 1038 erat
1583 977 1872 1055 perducta
1893 1009 1996 1047 —,
2028 985 2227 1038 tamen
2259 977 2332 1037 ad
2362 994 2577 1038 omnem

622 1071 655 1120 8
677 1060 946 1123 laborem
989 1062 1185 1121 animo
1227 1063 1420 1140 parati
1462 1061 1715 1139 imperio
1754 1067 2104 1141 paruerunt.
2175 1060 2384 1122 Castra
2423 1081 2457 1123 a
2494 1078 2576 1120 co·

676 1144 971 1214 hortibus,
1004 1162 1155 1225 quae
1185 1143 1275 1205 ibi
1303 1145 1606 1224 praesidio
1637 1152 1809 1205 erant
1841 1143 2118 1215 relictae,
2161 1146 2453 1207 industrie
2492 1145 2577 1204 de·

678 1228 1094 1298 tendebantur,
1126 1228 1313 1289 multo
1343 1231 1524 1289 etiam
1555 1230 1754 1289 acrius
1782 1247 1816 1289 a
1842 1228 2176 1290 Thracibus
2205 1228 2577 1308 barbarisque

623 1323 657 1372 4
681 1314 938 1375 auxiliis.
1011 1313 1179 1383 Nam,
1222 1315 1325 1392 qui
1364 1329 1443 1374 ex
1470 1315 1599 1373 acie
1628 1314 1976 1391 refugerant
2011 1313 2265 1382 milites,
2310 1321 2375 1374 et
2403 1316 2578 1374 animo

673 1399 986 1478 perterriti
1027 1403 1086 1458 et
1125 1397 1478 1458 lassitudine
1519 1398 1808 1467 confecti,
1858 1399 2057 1458 missis
2096 1397 2370 1476 plerique
2416 1399 2579 1458 armis

675 1483 980 1562 signisque
1011 1480 1370 1542 militaribus
1401 1484 1591 1559 magis
1621 1481 1694 1541 de
1723 1481 1955 1561 reliqua
1998 1483 2137 1558 fuga
2176 1500 2357 1561 quam
2389 1482 2462 1542 de
2500 1499 2578 1541 ca·

620 1575 653 1624 ὅ
678 1573 938 1627 strorum
970 1566 1316 1626 defensione
1348 1564 1709 1642 cogitabant.
1780 1564 1986 1643 Neque
2017 1582 2159 1625 vero
2190 1565 2451 1637 diutiuS,
2492 1565 2577 1644 qui

673 1652 739 1710 in
766 1649 918 1709 vallo
948 1650 1354 1717 constiterant,
1389 1649 1831 1710 multitudlnem
1861 1649 2116 1710 telorum
2146 1650 2450 1711 sustinere
2490 1667 2577 1729 po·

673 1739 936 1801 tuerunt,
968 1732 1074 1793 sed
1104 1734 1360 1793 confecti
1391 1732 1738 1794 vulneribus
1775 1733 1970 1794 locum
2011 1733 2421 1813 reliquerunt,
2461 1751 2577 1814 pro-

672 1820 953 1897 tinusque
1004 1834 1210 1878 omnes
1255 1815 1511 1877 ducibus
1558 1818 1654 1877 usi
1706 1815 2159 1878 centurionibus
2209 1816 2575 1897 tribunisque

670 1903 929 1964 militum
958 1902 1022 1963 in
1054 1901 1374 1962 altissimos
1403 1905 1665 1970 montes,
1709 1902 1813 1981 qui
1843 1901 1917 1962 ad
1955 1908 2147 1962 castra
2190 1902 2577 1980 pertinebant,

677 1988 1092 2063 confugerunt.

620 2078 650 2130 1
798 2069 1167 2132 LXXXXVI.
1236 2070 1303 2132 In
1341 2071 1555 2133 castris
1585 2070 1830 2150 Pompei
1868 2069 2074 2132 videre
2114 2069 2287 2132 licuit
2323 2069 2582 2132 trichilas

672 2163 962 2225 structaS,
1008 2172 1285 2233 magnum
1316 2156 1552 2233 argenti
1589 2155 1822 2235 pondus
1850 2157 2207 2234 expositum,
2249 2155 2580 2217 recentibus

670 2238 1002 2319 cespitibus
1043 2238 1428 2300 tabernacula
1457 2245 1788 2307 constrata,
1814 2238 2005 2314 *Lucii
2045 2241 2225 2300 etiam
2253 2237 2496 2301 Lentuli
2532 2245 2584 2298 et

670 2323 1085 2383 nonnullorum
1116 2322 1499 2384 tabernacula
1527 2330 1794 2402 protecta
1821 2322 2034 2392 edera,
2076 2321 2381 2403 multaque
2423 2341 2581 2404 prae·

671 2413 864 2476 terea,
907 2423 1056 2484 quae
1088 2409 1334 2467 nimiam
1373 2407 1671 2467 luxuriam
1703 2413 1764 2467 et
1801 2407 2088 2467 victoriae
2127 2407 2410 2468 fiduciam
2439 2408 2581 2468 desi·

561 2544 567 2551 .
671 2495 943 2567 guarent,
986 2495 1052 2549 ut
1091 2488 1267 2550 facile
1299 2493 1629 2551 existimari
1660 2496 1879 2570 posset,
1922 2489 2074 2550 nihil
2115 2508 2219 2551 eos
2258 2492 2331 2551 de
2375 2497 2584 2552 eventu
2652 2565 2653 2572 ἵ

670 2576 802 2633 eius
831 2573 953 2634 diei
982 2575 1283 2642 timuisse,
1326 2576 1430 2651 qui
1472 2592 1592 2635 non
1631 2576 1997 2635 necessarias
2038 2577 2467 2654 conquirerent
2494 2593 2583 2635 vo·
2652 2603 2653 2622 κ

615 2665 650 2716 2
674 2657 953 2736 luptateS.
1012 2657 1087 2717 At
1116 2656 1180 2717 hi
1210 2659 1551 2718 miserrimo
1580 2677 1648 2719 ac
1680 2660 2115 2737 patientissimo
2145 2659 2419 2720 exercitu
2450 2660 2585 2721 Cae·

673 2743 827 2802 saris
856 2741 1154 2802 luxuriem
1188 2739 1559 2811 obiciebant,
1603 2744 1701 2803 cui
1744 2760 1981 2821 semper
2026 2744 2226 2804 omnia
2265 2742 2339 2803 ad
2381 2761 2584 2804 neces-

613 2832 648 2884 8
669 2829 892 2887 sarium
921 2844 1095 2887 usum
1119 2824 1467 2887 defuissent.
1512 2827 1848 2906 PompeiuS,
1878 2828 1996 2886 iam
2022 2844 2156 2887 cum
2186 2829 2342 2887 intra
2369 2827 2587 2888 vallum

666 2913 858 2972 nostri
899 2918 1314 2980 versarentur,
1380 2929 1598 2990 equum
1649 2918 1863 2971 nactus
1910 2910 2194 2971 detractis
2248 2910 2587 2987 insignibus

665 2996 1045 3074 imperatoris
1076 2995 1402 3056 decumana
1431 3001 1602 3074 porta
1625 3012 1690 3054 se
1722 3012 1795 3054 ex
1831 2996 2042 3054 castris
2071 2996 2248 3055 eiecit
2284 2998 2584 3073 protinus·

612 3085 786 3159 ‘ique
817 3097 970 3158 equo
1011 3081 1192 3140 citato
1220 3079 1488 3140 Larisam
1528 3078 1854 3138 contendit.
1926 3076 2131 3157 Neque
2174 3077 2259 3139 ibi
2301 3080 2584 3147 constitit,

666 3162 772 3223 sed
804 3163 1009 3224 eadem
1028 3162 1334 3223 celeritate
1364 3181 1585 3242 paucos
1614 3180 1754 3223 suos
1774 3179 1846 3222 ex
1876 3162 2013 3239 fuga
2036 3169 2264 3233 nactuS,
2295 3147 2584 3223 nocturno

667 3249 886 3307 itinere
917 3265 1036 3307 non
1070 3249 1444 3317 intermisso,
1486 3249 1769 3308 comitatu
1810 3248 2077 3326 equitum
2119 3259 2268 3307 xxx
2306 3246 2380 3306 ad
2421 3263 2585 3307 mare

664 3332 942 3409 pervenit
981 3348 1308 3410 navemque
1349 3332 1804 3392 frumentariam
1844 3330 2216 3399 conscendit,
2263 3348 2476 3410 saepe,
2523 3335 2585 3389 ut

666 3412 995 3483 dicebatur,
1027 3432 1304 3494 querenS,
1332 3421 1561 3475 tantum
1602 3433 1666 3475 se
1707 3415 2063 3494 opinionem
2091 3414 2394 3483 fefellisse,
2438 3421 2525 3482 ut,
2555 3430 2585 3472 a

666 3515 783 3577 quo
836 3513 1055 3574 genere
1107 3499 1414 3559 hominum
1455 3500 1765 3560 victoriam
1806 3505 2133 3576 sperasset,
2180 3496 2253 3558 ab
2296 3515 2368 3558 eo
2408 3498 2583 3559 initio

661 3582 839 3660 fugae
871 3581 1025 3642 facto
1054 3600 1243 3663 paene
1273 3582 1545 3663 proditus
1573 3581 1899 3644 videretur.
