2750 4255
556 248 639 313 70
1200 253 1298 309 DE
1338 251 1568 309 BELLO
1616 250 1835 309 CIVILI

506 428 535 478 1
683 420 752 480 V.
798 419 1108 480 Frumenti
1149 419 1268 478 vim
1309 421 1625 480 maximam
1667 435 1742 478 ex
1769 417 2104 487 Thessalia,
2150 417 2316 486 Asia,
2365 417 2496 477 Ae-

557 510 760 583 gypto,
804 503 1005 572 Creta,
1049 502 1297 581 Cyrenis
1324 503 1691 582 reliquisque
1720 500 2066 579 regionibus
2096 518 2492 579 comparave-

503 596 536 645 2
560 595 672 653 rat.
733 586 1010 647 Hiemare
1030 586 1406 665 Dyrrhachii,
1437 585 1779 664 Apolloniae
1811 584 2203 665 omnibusque
2236 585 2494 664 oppidis

558 671 872 733 maritimis
900 672 1309 740 constituerat,
1347 676 1413 730 ut
1442 687 1603 730 mare
1634 671 1892 730 transire
1924 669 2237 730 Caesarem
2268 669 2487 747 prohi-

559 755 759 826 beret,
820 756 1068 833 eiusque
1125 756 1218 814 rei
1269 770 1446 814 causa
1495 756 1656 813 omni
1713 771 1816 813 ora
1862 755 2177 813 marituma
2226 754 2490 812 classem

506 847 537 895 3
561 840 953 918 disposuerat.
1030 837 1310 898 Praeerat
1340 838 1644 915 Aegyptiis
1671 836 1925 897 navibus
1953 836 2266 916 Pompeius
2296 837 2486 906 filius,

558 925 836 984 Asiaticis
879 921 946 981 D.
980 920 1216 981 Laelius
1256 930 1316 982 et
1359 922 1423 983 C.
1467 921 1768 990 Triarius,
1814 919 2076 1000 Syriacis
2114 921 2179 983 C.
2215 921 2488 990 CassiuS,

556 1006 808 1068 Rhodiis
836 1004 900 1065 C.
931 1005 1242 1066 Marcellus
1279 1023 1416 1065 cum
1458 1006 1518 1066 C.
1564 1005 1855 1083 Coponio,
1897 1004 2256 1065 Liburnicae
2296 1011 2490 1083 atque

503 1098 535 1146 4
560 1090 849 1151 Achaicae
878 1088 1054 1149 classi
1086 1088 1439 1150 Scribonius
1465 1088 1616 1148 Libo
1646 1095 1706 1148 et
1734 1089 1808 1148 M.
1843 1087 2137 1148 Octavius.
2217 1088 2356 1148 Toti
2386 1096 2487 1148 ta-

559 1192 697 1233 men
737 1173 928 1233 officio
968 1175 1286 1234 maritumo
1316 1174 1390 1232 M.
1424 1173 1673 1234 Bibulus
1714 1174 2089 1250 praepositus
2128 1180 2340 1232 cuncta
2372 1172 2488 1231 ad-

526 1308 531 1313 ,
557 1256 963 1318 ministrabat:
998 1258 1073 1318 ad
1104 1257 1261 1317 hunc
1292 1275 1517 1317 summa
1549 1259 1789 1334 imperii
1820 1255 2199 1333 respiciebat.

508 1351 536 1399 1
684 1341 779 1402 v1.
825 1342 1069 1410 Caesar,
1125 1348 1190 1401 ut
1229 1341 1615 1402 Brundisium
1656 1343 1846 1408 venit,
1899 1342 2277 1400 contionatus
2318 1340 2485 1418 apud

558 1426 798 1495 militeS,
837 1428 1114 1504 quoniam
1145 1443 1329 1504 prope
1360 1425 1431 1484 ad
1463 1425 1643 1483 finem
1672 1423 1942 1484 laborum
1973 1442 2041 1483 ac
2070 1424 2482 1502 periculorum

560 1516 717 1569 esset
756 1518 1135 1587 perventum,
1197 1526 1386 1587 aequo
1427 1510 1625 1567 animo
1665 1509 1961 1584 mancipia
2002 1516 2179 1587 atque
2220 1507 2478 1586 impedi-

557 1599 756 1653 menta
786 1593 850 1650 in
879 1591 1045 1651 Italia
1076 1591 1509 1671 relinquerent,
1542 1592 1656 1669 ipsi
1688 1591 1950 1668 expediti
1981 1609 2159 1652 naves
2187 1609 2478 1652 conscen-

560 1676 796 1744 derent,
878 1692 996 1755 quo
1054 1677 1243 1735 maior
1299 1693 1583 1736 numerus
1639 1673 1895 1734 militum
1951 1683 2155 1752 posset
2222 1678 2473 1754 imponi,

559 1760 875 1838 omniaque
907 1777 979 1819 ex
1009 1761 1256 1819 victoria
1287 1767 1349 1820 et
1371 1777 1443 1819 ex
1462 1777 1565 1819 sua
1590 1757 1949 1817 liberalitate
1973 1766 2303 1836 sperarent,
2335 1777 2475 1819 con-

559 1841 950 1905 clamantibus
977 1843 1281 1914 omnibus,
1325 1846 1677 1922 imperaret,
1721 1842 1877 1922 quod
1908 1842 2110 1913 vellet,
2152 1843 2474 1922 quodcum·

559 1946 673 2006 que
704 1929 1144 2006 imperavisset,
1190 1946 1251 1988 se
1284 1946 1473 2006 aequo
1507 1929 1704 1987 animo
1733 1944 1864 1986 esse
1894 1925 2184 1995 facturos,
2216 1940 2290 1986 11.
2323 1926 2472 1986 Non.

506 2020 537 2068 2
561 2011 685 2072 Ian.
718 2030 896 2073 naves
924 2012 1116 2073 solvit.
1197 2011 1534 2091 Impositae,
1568 2017 1633 2070 ut
1662 2028 1839 2088 supra
1869 2010 2332 2070 demonstratum
2362 2019 2471 2079 est,

502 2105 535 2152 3
563 2094 829 2175 legiones
851 2109 969 2156 vn.
1014 2095 1310 2157 Postridie
1340 2104 1565 2156 terram
1591 2096 1789 2171 attigit
1815 2093 2276 2155 Germiniorum.
2323 2093 2475 2155 Saxa

561 2184 719 2240 inter
761 2187 822 2239 et
862 2180 975 2240 alia
1017 2180 1144 2239 loca
1176 2179 1509 2259 periculosa
1542 2182 1802 2256 quietam
1832 2185 2040 2239 nactus
2070 2182 2382 2239 stationem
2414 2185 2475 2239 et

560 2271 768 2342 portus
797 2281 1003 2322 omnes
1029 2265 1274 2329 timens,
1309 2262 1465 2342 quod
1497 2265 1690 2321 teneri
1724 2261 1797 2321 ab
1830 2262 2189 2328 adversariis
2218 2262 2471 2323 arbitra-

560 2347 806 2414 bantur,
841 2346 913 2405 ad
946 2363 1080 2405 eum
1110 2345 1337 2415 locum,
1371 2347 1474 2424 qui
1503 2345 1914 2423 appellabatur
1942 2345 2241 2415 Palaeste,
2285 2347 2471 2407 omni·

561 2429 674 2489 bus
703 2428 953 2488 navibus
981 2429 1053 2488 ad
1083 2446 1258 2489 unam
1290 2429 1691 2490 incolumibus
1723 2430 1943 2490 milites
1972 2432 2264 2508 exposuit.

510 2523 537 2570 1
689 2511 808 2571 v11.
854 2512 1041 2572 Erant
1071 2511 1233 2572 Orici
1265 2513 1581 2573 Lucretius
1612 2514 1869 2591 Vespillo
1899 2521 1958 2573 et
1975 2513 2268 2574 Minucius
2288 2513 2471 2575 Rufus

559 2614 694 2656 cum
724 2597 1001 2656 Asiaticis
1033 2595 1292 2656 navibus.
1313 2610 1510 2666 xvm,
1543 2598 1762 2675 quibus
1791 2600 1957 2657 iussu
1986 2597 2055 2657 D.
2084 2597 2270 2659 Laelii
2301 2616 2469 2675 prae-

505 2689 537 2736 2
565 2687 762 2747 erant,
796 2679 870 2739 M.
904 2679 1153 2739 Bibulus
1182 2699 1316 2740 cum
1348 2682 1600 2742 navibus
1630 2694 1721 2741 cx
1752 2681 2063 2761 Corcyrae.
2133 2682 2247 2741 Sed
2281 2700 2468 2760 neque

559 2763 642 2823 illi
684 2762 799 2823 sibi
841 2764 1044 2824 confisi
1087 2782 1160 2824 ex
1199 2772 1372 2842 portu
1416 2766 1658 2843 prodire
1682 2772 1839 2825 -sunt
1878 2768 2037 2834 ausi,
2083 2784 2215 2826 cum
2259 2766 2469 2825 Caesar

561 2851 801 2908 omnino
843 2860 947 2906 ΧΠ
981 2866 1159 2908 naves
1209 2849 1414 2926 longas
1463 2850 1762 2927 praesidio
1805 2848 2095 2918 duxisset,
2151 2851 2216 2909 in
2257 2848 2467 2928 quibus

558 2941 728 2992 erant
769 2940 1102 2993 constratae
1143 2945 1285 3002 1111,
1347 2951 1541 3011 neque
1585 2932 1835 2993 Bibulus
1878 2933 2184 3011 impeditis
2224 2932 2467 2993 navibus

557 3016 960 3094 dispersisque
989 3016 1320 3093 remigibus
1351 3019 1497 3076 satis
1526 3024 1754 3075 mature
1786 3019 2079 3086 occurrit,
2120 3017 2275 3095 quod
2305 3020 2468 3095 prius

557 3099 629 3159 ad
672 3101 1082 3160 continentem
1128 3102 1288 3159 visus
1329 3108 1418 3158 est
1449 3100 1692 3167 Caesar,
1736 3116 1912 3177 quam
1955 3100 2027 3160 de
2060 3103 2191 3160 eius
2219 3101 2468 3161 adventu

558 3185 709 3244 fama
741 3184 981 3243 omnino
1011 3184 1073 3242 in
1105 3201 1205 3243 eas
1234 3185 1512 3257 regiones
1540 3183 1929 3261 perferretur.

507 3276 534 3321 1
687 3265 833 3326 VIII.
878 3266 1174 3344 Expositis
1214 3265 1505 3326 militibus
1545 3284 1727 3326 naves
1767 3268 1973 3327 eadem
2013 3275 2185 3328 nocte
2215 3250 2465 3328 Brundi·

560 3349 715 3408 sium
747 3367 778 3408 a
811 3349 1062 3409 Caesare
1094 3350 1510 3418 remittuntur,
1554 3357 1622 3410 ut
1655 3349 1919 3429 reliquae
1950 3351 2217 3428 legiones
2246 3355 2465 3431 equita-

504 3441 535 3489 2
560 3440 770 3510 tusque
805 3435 1192 3512 transportari
1224 3441 1487 3511 possent.
1547 3435 1699 3495 Huic
1724 3435 1922 3494 officio
1944 3439 2318 3514 praepositus
2349 3445 2464 3496 erat

556 3515 762 3576 Fufius
790 3516 1042 3578 Calenus
1070 3517 1326 3594 legatuS,
1373 3520 1478 3597 qui
1509 3517 1877 3578 celeritatem
1907 3520 1970 3579 in
1998 3521 2465 3599 transportandis
