2750 4255
254 3637 449 3742 Ἃ

594 229 716 294 116
1253 234 1350 289 DE
1393 234 1623 291 BELLO
1669 233 1889 291 CIVILI

591 405 715 464 citu
754 403 997 463 circiter
1036 400 1201 461 milia
1242 413 1337 460 xv
1367 400 1657 462 cecidisse
1687 399 2069 471 videbantur,
2112 399 2217 461 sed
2250 401 2314 461 in
2343 399 2518 460 dedi·

592 489 812 548 tionem
855 493 1150 546 venerunt
1188 484 1444 563 amplius
1485 485 1653 545 milia
1691 497 1904 545 XXIIII
1932 517 2018 530 ——
2047 503 2301 564 namque
2332 487 2519 545 etiam

589 571 883 638 cohortes,
917 587 1067 649 quae
1097 568 1397 648 praesidio
1436 570 1501 629 in
1532 569 1789 629 castellis
1829 569 2094 638 fuerant,
2137 586 2267 630 sese
2312 567 2520 629 Sullae

588 654 950 716 dediderunt
975 687 1078 722 --—,
1122 653 1290 713 multi
1335 660 1648 733 praeterea
1687 655 1754 714 in
1792 654 2075 713 finitimas
2117 654 2387 713 civitates
2416 670 2518 713 re·

590 741 902 816 sugerunt,
945 736 1227 815 signaque
1257 737 1537 798 militaria
1566 755 1639 797 ex
1667 737 1898 817 proelio
1931 736 2002 797 ad
2035 737 2346 798 Caesarem
2376 744 2522 797 sunt

538 832 571 880 5
595 824 782 884 relata
813 834 1051 882 CLXXX
1080 835 1142 881 et
1170 822 1401 898 aquilae
1431 834 1607 883 VIIII.
1667 821 1734 882 L.
1767 820 2062 882 Domitius
2105 839 2176 881 ex
2207 822 2423 881 castris
2450 823 2520 880 in

593 914 856 968 montem
885 907 1210 982 refugiens,
1241 923 1379 966 cum
1400 908 1561 966 vires
1591 923 1729 966 eum
1757 904 2104 966 lassitudine
2135 904 2517 976 defecissent,

595 990 668 1052 ab
701 988 1002 1069 equitibus
1033 996 1125 1049 est
1151 991 1523 1051 interfectus·

541 1083 567 1134 I
720 1073 785 1134 C.
855 1073 1078 1133 Eodem
1115 1080 1385 1152 tempore
1427 1074 1497 1135 D.
1527 1073 1762 1135 Laelius
1802 1092 1938 1135 cum
1980 1073 2166 1135 classe
2204 1073 2278 1133 ad
2319 1073 2522 1134 Brun-

593 1159 814 1219 disium
841 1159 1006 1218 venit
1034 1157 1358 1237 eademque
1390 1160 1643 1228 ratione,
1690 1176 1806 1237 qua
1836 1159 2057 1219 factum
2089 1178 2121 1218 a
2149 1156 2378 1218 Libone
2410 1176 2518 1218 an·

590 1252 687 1304 tea
718 1242 1274 1311 demonstravimus,
1306 1243 1560 1302 insulam
1590 1241 1884 1302 obiectam
1925 1241 2120 1322 portui
2150 1241 2520 1302 Brundisino

537 1334 572 1385 2
594 1328 807 1387 tenuit.
870 1325 1164 1387 Similiter
1193 1326 1484 1396 Vatinius,
1516 1328 1620 1406 qui
1651 1326 1974 1387 Brundisio
2001 1334 2295 1405 praeerat,
2338 1327 2520 1387 tectis

589 1413 1018 1489 instructisque
1050 1410 1287 1489 scaphis
1315 1409 1521 1471 elicuit
1549 1428 1728 1471 naves
1755 1411 2067 1471 Laelianas
2097 1418 2273 1489 atque
2303 1428 2374 1470 ex
2421 1408 2520 1469 his

587 1495 820 1572 longius
864 1494 1214 1573 productam
1242 1512 1423 1554 unam
1452 1497 1941 1574 quinqueremem
1973 1501 2034 1554 et
2076 1496 2341 1554 minores
2369 1495 2520 1554 duas

589 1582 653 1640 in
684 1580 975 1655 angustiis
1002 1588 1214 1655 portus
1242 1580 1433 1657 cepit,
1478 1581 1740 1657 itemque
1780 1596 1889 1658 per
1929 1580 2158 1657 equites
2198 1578 2518 1656 dispositos

538 1671 572 1719 a
596 1680 746 1741 aqua
773 1660 1098 1740 prohibere
1129 1661 1463 1722 classiarios
1492 1662 1769 1723 instituit.
1834 1662 1952 1723 Sed
1982 1662 2217 1722 Laelius
2247 1671 2516 1740 tempore

594 1747 735 1806 anni
767 1745 1169 1806 commodiore
1202 1764 1344 1807 usus
1385 1747 1458 1807 ad
1499 1746 1891 1824 navigandum
1934 1749 2228 1807 onerariis
2265 1745 2518 1807 navibus

592 1830 845 1908 Corcyra
887 1829 1374 1909 Dyrrhachioque
1408 1849 1618 1910 aquam
1659 1834 1783 1891 suis
1821 1830 2214 1910 subportabat
2256 1849 2448 1909 neque
2480 1849 2517 1890 a

587 1916 894 1994 proposito
927 1913 1361 1984 deterrebatur,
1399 1933 1594 1993 neque
1625 1922 1759 1975 ante
1789 1915 2082 1994 proelium
2111 1917 2173 1975 in
2203 1914 2513 1975 Thessalia

588 1998 808 2071 sactum
851 2000 1153 2075 cognitum
1195 2006 1297 2058 aut
1346 2000 1674 2076 ignominia
1725 1999 2071 2059 amissarum
2123 2001 2360 2059 navium
2412 2006 2518 2058 aut

587 2084 1063 2144 necessariarum
1103 2100 1307 2144 rerum
1355 2084 1560 2163 inopia
1599 2101 1675 2143 ex
1723 2090 1902 2163 portu
1946 2082 2256 2163 insulaque
2297 2082 2516 2162 expelli

586 2170 798 2247 potuit.

537 2259 565 2309 1
717 2251 811 2312 CI.
887 2250 1081 2311 Isdem
1119 2252 1248 2312 sere
1291 2252 1663 2331 temporibus
1705 2252 1947 2314 Cassius
1996 2270 2132 2312 cum
2178 2251 2364 2313 classe
2405 2251 2516 2331 Sy-

589 2352 791 2395 rorum
825 2341 885 2393 et
912 2335 1280 2396 Phoenicum
1310 2343 1370 2396 et
1400 2336 1651 2397 Cilicum
1686 2339 1751 2397 in
1782 2337 2048 2398 Siciliam
2080 2338 2257 2406 venit,
2290 2344 2349 2396 et
2376 2353 2517 2395 cum

589 2425 748 2478 esset
776 2417 1048 2478 Caesaris
1078 2418 1286 2479 classis
1315 2419 1503 2480 divisa
1534 2422 1597 2481 in
1619 2421 1765 2481 duas
1793 2428 2015 2498 partes,
2041 2420 2332 2481 dimidiae
2354 2422 2519 2499 parti

589 2508 892 2581 praeesset
932 2502 1000 2561 P.
1031 2501 1333 2580 Sulpicius
1383 2509 1622 2581 praetor
1661 2504 1889 2565 Vibone
1932 2504 2003 2565 ad
2046 2505 2297 2574 fretum,
2343 2503 2515 2564 dimi-

590 2586 722 2645 diae
753 2584 829 2645 M.
862 2584 1225 2664 Pomponius
1267 2587 1340 2647 ad
1370 2587 1728 2659 Messanam,
1774 2591 1943 2667 prius
1977 2589 2215 2650 Cassius
2257 2587 2331 2649 ad
2360 2587 2516 2649 Mes·

589 2687 792 2729 sanam
833 2667 1082 2729 navibus
1127 2671 1445 2741 advolavit,
1499 2692 1676 2751 quam
1716 2672 2078 2752 Pomponius
2118 2673 2190 2732 de
2234 2674 2368 2733 eius
2410 2672 2517 2731 ad·

588 2759 768 2813 ventu
819 2761 1234 2831 cognosceret,
1293 2755 1826 2835 perturbatumque
1878 2775 2013 2817 eum
2072 2763 2289 2817 nactus·
2336 2755 2520 2816 nullis

587 2837 880 2898 custodiis
910 2856 1103 2917 neque
1135 2840 1457 2901 ordinibus
1480 2843 1683 2910 certis„
1716 2858 1930 2919 magno
1958 2848 2137 2901 vento
2165 2847 2224 2901 et
2254 2840 2519 2901 secundo

587 2922 911 2999 completas
938 2923 1240 2984 onerarias
1271 2943 1451 2985 naves
1481 2925 1654 2984 taeda
1685 2933 1745 2985 et
1773 2928 1908 3003 pice
1940 2932 2000 2985 et
2029 2931 2201 3003 stupa
2231 2925 2514 3004 reliquis·

587 3022 703 3083 que
736 3004 936 3074 rebus,
980 3025 1131 3086 quae
1164 3015 1303 3068 sunt
1343 3009 1417 3069 ad
1458 3008 1749 3077 incendia,
1780 3010 1842 3068 in
1873 3010 2334 3087 Pomponianam
2364 3008 2516 3068 clas-

587 3107 714 3149 sem
743 3090 972 3151 inmisit
1001 3098 1178 3169 atque
1208 3109 1416 3152 omnes
1446 3110 1626 3152 naves
1665 3092 1929 3153 incendit
1966 3105 2181 3162 XXXV,
2224 3111 2257 3153 e
2299 3091 2520 3173 quibus

531 3181 564 3231 2
591 3180 762 3235 erant
801 3186 900 3232 XX
941 3182 1295 3236 constratae.
1365 3175 1665 3253 Tantusqe
1701 3194 1773 3236 eo
1813 3178 1968 3238 facto
2018 3179 2201 3237 timor
2251 3176 2516 3246 incessit,

586 3263 669 3326 ut,
715 3275 851 3317 cum
882 3265 1039 3318 esset
1066 3259 1223 3336 legio
1252 3260 1555 3338 praesidio
1586 3259 1922 3331 Messanae,
1964 3263 2061 3321 vix
2093 3261 2380 3340 oppidum
2412 3260 2517 3320 de-

584 3340 960 3411 fenderetur,
1014 3347 1075 3401 et
1122 3344 1238 3402 nisi
1291 3361 1362 3403 eo
1411 3345 1543 3423 ipso
1596 3351 1863 3422 tempore
1904 3345 2145 3423 quidam
2195 3346 2389 3405 nuntii
2442 3345 2518 3405 (le

586 3423 857 3485 Caesaris
885 3427 1133 3487 victoria
1175 3444 1283 3505 per
1313 3427 1637 3505 dispositos
1680 3431 1916 3507 equites
1947 3435 2147 3489 essent
2178 3429 2368 3500 allati,
2415 3447 2518 3489 ex-

532 3514 565 3565 8
587 3507 930 3569 istimabant
956 3509 1228 3589 plerique
1259 3511 1526 3573 futurum
1558 3514 1763 3583 fuisse,
1809 3515 1897 3572 uti
1931 3513 2324 3575 amitteretur.
2399 3512 2521 3574 Sed

518 3829 559 3918 ’κ

558 3921 709 4132 t
