2750 4255
592 277 681 345 84
1236 283 1334 340 DE
1374 284 1608 341 nmo
1654 285 1876 342 clvm

594 456 800 530 spectu
828 451 1097 511 omnium
1124 450 1586 522 excelsissimus,
1617 453 1822 513 mittit.
1891 451 2063 512 Hunc
2094 470 2309 530 magno
2339 469 2563 514 cursu

595 536 922 595 concitatos
961 533 1131 595 iubet
1173 552 1498 612 occupare,
1552 554 1624 596 eo
1661 535 1950 606 consilio,
2003 538 2093 597 uti
2137 539 2268 616 ipse
2309 537 2560 598 eodem

595 618 875 680 omnibus
903 620 1096 698 copiis
1124 620 1518 680 contenderet
1545 627 1608 680 et
1634 628 1862 681 mutato
1904 622 2125 681 itinere
2154 622 2313 699 iugis
2343 621 2559 682 Octo-

534 709 574 761 5
594 720 797 781 gesam
824 704 1189 783 perveniret.
1257 703 1430 763 Hunc
1459 721 1592 764 cum
1624 703 1871 784 obliquo
1918 706 2140 766 itinere
2170 707 2383 766 cetrati
2416 723 2556 785 pe-

593 793 820 858 terent,
871 788 1248 866 conspicatus
1297 790 1599 866 equitatus
1650 788 1921 850 Caesaris
1971 791 2036 850 in
2088 788 2352 849 cohortis
2405 792 2556 850 im-

590 879 798 951 petum
824 872 1001 940 fecit;
1031 888 1143 931 nec
1173 873 1482 932 minimam
1510 879 1745 951 partem
1780 876 2072 953 temporis
2102 874 2369 952 equitum
2398 875 2555 934 vim
2595 876 2602 877 ⁷

591 957 806 1016 cetrati
837 956 1132 1015 sustinere
1172 960 1496 1034 potuerunt
1536 973 1861 1036 omnesque
1890 956 1965 1017 ab
1995 960 2087 1018 eis
2128 959 2554 1018 circumventi

593 1041 658 1099 in
688 1045 1011 1118 conspectu
1038 1041 1353 1119 utriusque
1386 1042 1688 1100 exercitus
1721 1041 2186 1102 interficiuntur.

540 1130 571 1180 1
719 1122 926 1183 LXXI.
985 1122 1130 1184 Erat
1159 1126 1394 1184 occasio
1435 1123 1590 1184 bene
1619 1125 1918 1202 gerendae
1950 1128 2062 1186 rei.
2134 1123 2339 1204 Neque
2376 1143 2550 1186 vero

593 1206 656 1267 id
687 1206 1002 1268 Caesarem
1030 1207 1319 1285 fugiebat,
1353 1214 1518 1269 tanto
1547 1208 1660 1269 sub
1683 1209 1872 1269 oculis
1890 1214 2132 1286 accepto
2155 1208 2551 1270 detrimento

546 1306 554 1314 ·
591 1293 980 1370 perterritum
1020 1295 1350 1353 exercitum
1393 1295 1691 1353 sustinere
1732 1311 1852 1354 non
1898 1311 2104 1372 posse,
2162 1295 2547 1372 praesertim

593 1375 1024 1437 circumdatum
1054 1376 1319 1455 undique
1349 1379 1650 1455 equitatu,
1693 1395 1828 1437 cum
1861 1379 1926 1438 in
1956 1378 2088 1438 loco
2119 1395 2310 1456 aequo
2341 1385 2542 1456 etque

593 1466 800 1539 aperto
843 1459 1295 1537 confligeretur;
1347 1460 1528 1539 idque
1572 1479 1646 1521 ex
1685 1460 1964 1522 omnibus
2001 1461 2276 1541 partibus
2325 1461 2401 1522 ab
2448 1480 2540 1522 eo

539 1550 573 1600 2
595 1542 996 1621 flagitabatur.
1052 1543 1504 1605 concurrebant
1532 1544 1733 1622 legati,
1759 1548 2140 1606 centuriones
2168 1545 2536 1624 tribunique

594 1627 878 1687 militum:
950 1626 1037 1687 Ne
1079 1625 1380 1688 dubitaret
1417 1627 1713 1707 proelium
1763 1630 2156 1688 committere.
2238 1626 2531 1690 Omnium

537 1716 572 1767 8
595 1728 727 1770 esse
785 1709 1044 1770 militum
1099 1712 1503 1789 paratissimos
1562 1713 1809 1771 animos.
1905 1711 2259 1771 Afranianos
2308 1720 2529 1774 contra

589 1793 792 1854 multis
820 1793 1004 1855 rebus
1025 1795 1118 1854 sui
1149 1796 1381 1855 timoris
1403 1798 1570 1874 signa
1598 1795 1861 1855 misisse:
1894 1795 2051 1874 quod
2082 1796 2204 1856 suis
2226 1812 2346 1855 non
2376 1795 2525 1856 sub-

590 1879 921 1949 venissent,
962 1878 1121 1958 quod
1160 1879 1234 1939 de
1266 1879 1418 1940 colle
1449 1898 1569 1940 non
1600 1878 1990 1947 decederent,
2037 1879 2193 1958 quod
2224 1880 2319 1939 vix
2349 1881 2522 1960 equi-

593 1971 723 2024 tum
744 1963 1021 2024 incursus
1045 1963 1412 2024 sustinerent
1434 1963 1798 2042 conlatisque
1820 1963 1882 2023 in
1906 1980 2090 2024 unum
2113 1964 2307 2025 locum
2334 1965 2519 2042 signis

538 2053 574 2102 4
596 2048 850 2109 conferti
890 2066 1085 2127 neque
1129 2047 1366 2108 ordines
1408 2065 1603 2126 neque
1645 2047 1811 2124 signa
1853 2055 2181 2109 servarent.
2253 2047 2423 2118 Quod
2464 2048 2515 2108 si

590 2132 956 2212 iniquitatem
987 2132 1101 2194 loci
1130 2133 1401 2201 timeret,
1444 2132 1646 2193 datum
1673 2133 1751 2192 iri
1787 2140 1985 2193 tamen
2013 2133 2209 2212 aliquo
2248 2132 2376 2194 loco
2404 2150 2511 2211 pu-

590 2217 811 2295 gnandi
839 2215 1200 2286 facultatem,
1215 2216 1374 2295 quod
1398 2222 1560 2277 certe
1582 2216 1720 2277 inde
1744 2216 2152 2278 decedendum
2167 2224 2333 2277 esset
2344 2218 2510 2278 Afra-

592 2302 693 2361 nio
725 2317 836 2360 nec
865 2300 993 2360 sine
1023 2318 1175 2379 aqua
1204 2318 1560 2379 permanere
1591 2311 1809 2380 posset.

542 2392 571 2442 1
720 2382 954 2444 Lxxn.
1026 2383 1239 2445 Caesar
1268 2386 1330 2445 in
1361 2403 1493 2445 eam
1532 2404 1699 2464 spem
1727 2392 1999 2456 venerat,
2035 2403 2106 2446 ‘se
2145 2386 2275 2445 sine
2315 2402 2513 2465 pugna

593 2474 653 2527 et
682 2466 808 2527 sine
838 2468 1081 2528 volnere
1112 2486 1357 2529 suorum
1387 2488 1519 2530 rem
1542 2470 1833 2531 conficere
1863 2487 2068 2547 posse,
2102 2470 2258 2549 quod
2288 2486 2356 2529 re
2386 2470 2511 2529 fru-

537 2561 572 2610 2
592 2551 882 2612 mentaria
924 2551 1296 2613 adversarios
1336 2554 1787 2615 interclusisset.
1871 2554 1991 2615 Cur
2035 2555 2211 2614 etiam
2252 2552 2512 2613 secundo

590 2632 817 2715 proelio
848 2634 1077 2715 aliquos
1105 2654 1179 2696 ex
1207 2638 1330 2698 suis
1360 2639 1697 2699 amitteret?
1739 2656 1847 2699 cur
1874 2638 2178 2699 vulnerari
2208 2644 2512 2717 pateretur

593 2719 813 2798 optime
845 2718 917 2779 de
960 2737 1026 2780 se
1069 2721 1314 2782 meritos
1341 2724 1599 2785 milites?
1641 2741 1750 2785 cur
1782 2722 2036 2803 denique
2079 2723 2379 2782 fortunam
2407 2739 2509 2801 pe·

590 2802 986 2865 riclitaretur?
1026 2807 1380 2883 praesertim
1419 2825 1556 2867 eum
1593 2825 1714 2867 non
1754 2808 1954 2867 minus
1993 2813 2155 2867 esset
2188 2807 2507 2885 imperato-

532 2898 571 2947 -3
593 2890 681 2950 ris
710 2887 954 2948 consilio
993 2907 1279 2987 superare
1319 2910 1498 2971 quam
1535 2891 1751 2969 gladio.
1821 2888 2169 2951 Movebatur
2198 2892 2376 2951 etiam
2405 2890 2507 2952 mi·

593 2972 915 3034 sericordia
965 2974 1206 3045 civium,
1269 2993 1420 3055 quos
1469 2974 1912 3036 interficiendos
1962 2973 2229 3047 videbam
2298 2974 2508 3054 quibus

535 3066 575 3115 4
598 3056 775 3118 salvis
805 3064 978 3137 atque
1007 3058 1405 3121 incolumibus
1428 3079 1555 3121 rem
1581 3063 1853 3139 optinere
1882 3058 2157 3120 malebat.
2213 3022 2342 3119 ’Hoc
2371 3076 2506 3118 con·

591 3142 795 3203 silium
836 3142 1106 3204 Caesaris
1143 3143 1446 3224 plerisque
1497 3161 1617 3205 non
1667 3142 2063 3243 probabatur3
2111 3142 2333 3203 milites
2370 3159 2505 3202 vero

590 3225 786 3306 palam
816 3228 976 3287 inter
1006 3246 1069 3289 se
1109 3227 1531 3309 loquebantur,
1576 3230 1857 3307 quoniam
1898 3228 2037 3288 talis
2064 3228 2299 3286 occasio
2327 3227 2505 3286 victo-

592 3311 721 3371 riae
753 3309 1185 3383 dimitteretur,
1219 3315 1402 3373 etiam
1431 3331 1567 3373 cum
1596 3311 1773 3373 vellet
1803 3312 2038 3380 Caesar,
2072 3328 2203 3371 sese
2234 3328 2354 3370 non
2382 3328 2503 3371 esse

591 3402 980 3473 pugnaturos.
1051 3395 1157 3458 Ille
1197 3398 1261 3457 in
1302 3413 1408 3457 sua
1449 3399 1747 3458 sententia
1789 3401 2130 3476 perseverat
2172 3400 2232 3454 et
2270 3394 2504 3474 paulum

593 3496 668 3540 ex
709 3497 779 3539 eo
818 3480 950 3541 loco
993 3479 1374 3559 degreditur,
1427 3488 1495 3542 ut
1535 3483 1813 3542 timorem
1854 3479 2213 3541 adversariis
2264 3480 2503 3540 minuat.
2581 3505 2582 3508 ¹
2695 3461 2696 3468 ἵ

538 3569 573 3621 5
593 3562 867 3626 Petreius
896 3570 1072 3647 atque
1103 3565 1385 3638 Afranius
1414 3565 1609 3627 oblata
1638 3564 1917 3626 facultate
1946 3566 2010 3625 in
2033 3570 2228 3625 castra
2260 3581 2390 3627 sese
2418 3580 2503 3623 re-
