2750 4255
587 282 675 350 54
1230 286 1328 343 DE
1368 285 1600 343 BELLO
1645 284 1865 343 01V1L1

537 464 571 515 ὅ
593 455 865 518 Caesaris
893 453 1206 517 adventum
1247 451 1660 533 expectabant.
1714 451 1939 514 Eadem
1967 452 2197 513 ratione
2221 450 2537 531 ,privatin

592 558 661 603 ac
701 539 938 621 publice
979 537 1336 619 quibusdam
1375 536 1720 598 civitatibus
1746 534 1965 598 habitis
2003 533 2331 604 honoribus
2367 534 2539 595 Tar-

589 642 807 687 racone
846 622 1100 684 discedit
1136 620 1510 702 pedibusque
1540 619 1882 683 Narbonem
1919 626 2106 700 atque.
2134 618 2277 681 inde
2305 618 2538 679 Massi-

588 709 730 771 liam
767 709 1061 788 pervenit.
1138 704 1233 768 Ibi
1260 704 1457 783 legem
1498 705 1571 767 de
1601 705 1891 766 dictatore
1919 705 2098 765 latam
2135 720 2393 782 seseque
2427 701 2531 762 di·

591 800 878 854 ctatorem
908 791 1133 853 dictum
1162 808 1196 849 a
1211 789 1302 850 M.
1333 788 1556 870 Lepido
1583 795 1860 870 praetore
1889 789 2213 866 cognoscit.

538 884 568 934 ι
718 874 905 937 XXII.
972 873 1373 934 Massilienses
1413 873 1691 935 omnibus
1729 873 1951 936 defessi
1989 871 2194 941 malis,
2246 872 2338 931 rei
2382 871 2532 932 fru-

588 962 921 1023 mentariae
941 958 1015 1021 ad
1037 975 1326 1019 summam
1353 959 1621 1038 inopiam
1649 957 1907 1027 adducti,
1940 956 2036 1017 bis
2059 956 2251 1016 navali
2279 953 2532 1034 proelio

591 1045 877 1124 superati,
908 1041 1144 1104 crebris
1165 1041 1582 1122 eruptionibus
1601 1043 1742 1112 fusi,
1772 1043 1940 1120 gravi
1969 1042 2150 1102 etiam
2170 1038 2530 1119 pestilentia

590 1127 915 1189 conflictati
956 1145 1031 1188 ex
1058 1124 1288 1187 diutina
1325 1126 1707 1188 conclusione
1737 1133 1799 1188 et
1833 1127 2165 1188 mutatione
2204 1124 2402 1184 victus
2431 1155 2529 1166 —

590 1213 808 1293 panico
850 1211 1012 1272 enim
1038 1217 1240 1271 vetere
1284 1216 1462 1290 atque
1492 1211 1676 1271 ordeo
1706 1216 1988 1289 corrupto
2028 1225 2236 1269 omnes
2269 1205 2524 1267 aleban-

589 1304 718 1367 tur,
761 1295 921 1376 quod
960 1295 1034 1356 ad
1062 1294 1405 1357 huiusmodi
1432 1313 1606 1356 casus
1643 1297 1971 1374 antiquitus
1998 1300 2270 1373 paratum
2305 1293 2372 1351 in
2399 1308 2520 1370 pu-

589 1379 814 1442 blicum
841 1380 1309 1441 contulerant—
1319 1379 1552 1440 deiecta
1580 1381 1756 1449 turri,
1784 1377 2076 1440 labefacta
2102 1391 2316 1453 magna
2336 1380 2520 1454 parte

587 1465 777 1535 muri,
842 1464 1079 1525 auxiliis
1130 1464 1574 1542 provinciarum
1628 1470 1690 1523 et
1738 1464 2108 1524 exercituum
2157 1459 2513 1539 desperatis,

590 1567 741 1628 quos
791 1549 857 1608 in
898 1547 1171 1607 Caesaris
1217 1552 1574 1626 potestatem
1612 1548 1845 1608 venisse
1894 1550 2317 1622 cognoverant,
2378 1559 2515 1604 sese

536 1641 570 1690 2
593 1632 814 1692 dedere
843 1631 973 1690 sine
1003 1629 1212 1690 fraude
1253 1631 1644 1690 constituunt.
1715 1628 1834 1689 Sed
1874 1629 2083 1707 paucis
2123 1634 2259 1688 ante
2299 1625 2515 1688 diebus

589 1715 657 1776 L.
688 1713 984 1775 Domitius
1024 1714 1263 1790 cognita
1296 1712 1755 1774 Massiliensium
1793 1711 2095 1773 voluntate
2135 1709 2392 1772 navibus
2429 1723 2513 1772 111

596 1798 988 1877 comparatis,
1031 1814 1105 1858 ex
1133 1795 1353 1876 quibus
1382 1796 1529 1859 duas
1555 1795 1952 1859 familiaribus
1980 1796 2106 1855 suis
2134 1793 2510 1866 attribuerat,

588 1900 773 1944 unam
812 1883 944 1962 ipse
981 1881 1439 1952 conscenderat,
1493 1887 1705 1944 nactus
1747 1878 2049 1943 turbidam
2096 1884 2512 1958 tempestatem

540 1975 572 2024 3
594 1967 900 2048 profectus
928 1972 1041 2028 est.
1098 1966 1271 2027 Hunc
1299 1968 1677 2047 conspicatae
1706 1985 1917 2034 naves,
1950 1982 2101 2044 quae
2130 1965 2317 2024 missu
2337 1963 2510 2024 Bruti

596 2050 1026 2112 consuetudine
1068 2049 1366 2112 cotidiana
1409 2050 1484 2111 ad
1522 2057 1762 2131 portum
1798 2047 2200 2119 excubabant,
2260 2046 2508 2109 sublatis

537 2144 574 2194 4
595 2139 832 2199 ancoris
870 2138 1041 2216 sequi
1083 2143 1430 2216 coeperunt.
1499 2134 1589 2196 Ex
1626 2135 1723 2197 his
1761 2153 1948 2196 unum
1991 2134 2183 2213 ipsius
2211 2133 2507 2212 navigium

589 2219 899 2285 contendit
948 2227 1008 2280 et
1054 2220 1264 2296 fugere
1303 2220 1711 2298 perseveravit
1750 2220 2087 2298 auxilioque
2137 2218 2507 2297 tempestatis

592 2323 666 2365 ex
702 2310 1026 2382 conspectu
1065 2302 1246 2373 abiit,
1277 2301 1425 2362 ‘duo
1462 2304 1786 2382 perterrita
1824 2319 2119 2365 concursu
2168 2309 2504 2364 nostrarum

539 2394 570 2444 5
591 2389 832 2450 navium
870 2404 1001 2447 sese
1052 2388 1117 2446 in
1157 2392 1399 2466 portum
1434 2393 1812 2468 receperunt.
1897 2385 2296 2450 Massilienses
2344 2404 2503 2447 arma

591 2476 1005 2549 tormentaque
1034 2487 1108 2530 ex
1136 2468 1374 2550 oppido,
1407 2476 1474 2532 ut
1502 2478 1595 2534 est
1620 2473 1999 2552 imperatum,
2027 2471 2372 2552 proferunt,
2401 2489 2500 2531 na-

593 2558 686 2616 vis
715 2572 788 2615 ex
815 2561 995 2633 portu
1022 2553 1449 2634 navalibusque
1479 2554 1769 2626 educunt,
1821 2557 2136 2637 pecuniam
2166 2573 2239 2616 ex
2267 2555 2500 2635 publico

541 2646 573 2694 6
593 2637 860 2701 tradunt.
932 2636 1163 2709 Quibus
1209 2638 1393 2699 rebus
1433 2640 1724 2703 confectis
1765 2638 1981 2704 Caesar
2016 2640 2209 2717 magis
2258 2657 2359 2701 eos
2396 2657 2501 2721 pro
2551 2685 2556 2692 .

591 2724 836 2785 nomine
866 2729 928 2783 et
954 2729 1246 2784 vetustate
1276 2741 1453 2802 quam
1481 2742 1593 2803 pro
1633 2726 1865 2786 meritis
1891 2727 1956 2786 in
1986 2742 2051 2786 se
2079 2725 2338 2785 civitatis
2367 2742 2499 2785 con-

592 2824 835 2870 servans
875 2806 1022 2867 duas
1072 2806 1162 2868 ibi
1198 2808 1469 2886 legiones
1504 2808 1807 2888 praesidio
1846 2809 2118 2889 reliquit,
2177 2815 2403 2870 ceteras
2437 2801 2496 2871 in

591 2891 820 2953 Italiam
849 2893 1063 2962 mittit;
1107 2893 1235 2971 ipse
1265 2892 1340 2952 ad
1369 2890 1582 2954 urbem
1610 2894 2028 2973 proficiscitur.

539 2985 566 3031 1
717 2975 930 3037 xxm.
987 2976 1184 3037 Isdem
1222 2976 1597 3055 temporibus
1637 2977 1701 3039 C.
1745 2978 1924 3040 Curio
1965 2979 2029 3038 in
2068 2977 2329 3038 Africam
2368 2997 2495 3058 pro·

588 3061 784 3121 fectus
833 3078 908 3121 ex
959 3059 1167 3120 Sicilia
1217 3066 1281 3120 et
1327 3062 1448 3121 iam
1498 3059 1574 3122 ab
1622 3061 1797 3122 initio
1846 3062 2049 3142 copias
2096 3061 2165 3122 P.
2205 3059 2329 3122 Atti
2370 3062 2496 3124 Vari

590 3143 930 3223 despiciens
960 3143 1106 3204 duas
1136 3143 1403 3221 legiones
1432 3162 1507 3205 ex
1536 3157 1675 3215 1111,
1717 3163 1865 3225 quas
1905 3164 1938 3206 a
1969 3145 2219 3207 Caesare
2260 3163 2492 3227 accepe-

588 3234 711 3298 rat,
755 3240 806 3285 D
836 3228 1069 3306 equites
1106 3225 1551 3305 transportabat
1578 3227 1876 3309 biduoque
1919 3236 1981 3290 et
2007 3228 2285 3291 noctibus
2311 3230 2494 3293 tribus

587 3312 964 3386 navigatione
1005 3312 1375 3389 consumptis
1418 3311 1664 3391 adpellit
1700 3313 1775 3374 ad
1817 3323 1954 3374 eum
1992 3314 2218 3384 locum,
2260 3333 2363 3397 qm
2402 3334 2491 3412 ap-

538 3406 571 3452 2
595 3393 854 3473 pellatur
892 3393 1261 3472 Anquilaria.
1330 3394 1443 3455 Hic
1482 3395 1649 3457 locus
1683 3395 1857 3458 abest
1896 3416 1931 3458 a
1961 3397 2200 3477 Clupeis
2224 3401 2491 3480 passuum

586 3490 744 3537 xxn
773 3475 935 3537 milia
975 3476 1272 3558 habetque
1315 3496 1435 3540 non
1474 3480 1911 3542 incommodam
1940 3489 2163 3542 aestate
2194 3486 2490 3547 stationem

535 3568 570 3619 8
592 3569 654 3621 et
694 3559 928 3621 duobus
967 3561 1369 3625 eminentibus
1408 3566 1846 3645 promunturiis
1885 3569 2246 3630 continetur.
2318 3569 2491 3632 Huius
