2750 4255
598 279 683 345 94
1244 283 1341 339 DE
1384 282 1614 339 BELLO
1660 282 1877 339 clvm

597 448 859 530 publica,
893 451 1175 512 donatum
1205 449 1454 511 milibus
1481 461 1565 511 cc
1593 446 2152 529 conlaudatumque
2194 448 2271 512 ab
2301 451 2525 511 octavis

599 534 912 596 ordinibus
932 535 1009 596 ad
1037 535 1414 615 primipilum
1438 552 1501 595 se
1532 534 1847 595 traducere
1879 536 2526 613 pronuntiavit—eius

598 620 758 680 enim
787 637 971 699 opera
1009 619 1317 681 castellum
1358 635 1569 696 magna
1611 636 1686 679 ex
1725 625 1895 697 parte
1937 626 2354 679 conservatum
2397 636 2527 678 esse

541 774 550 780 ⁶
597 703 908 766 constabat
938 737 1012 748 —-
1048 703 1473 782 cohortemque
1515 710 1720 781 postea
1762 702 1983 782 duplici
2026 703 2358 782 stipendio,
2404 702 2525 763 fru-

596 791 937 858 mentariis,
1006 790 1309 867 pecuariis
1377 787 1860 866 militaribusque
1929 787 2102 847 donis
2159 786 2528 866 amplissime

598 874 858 935 donavit.

553 964 579 1015 ι
724 956 905 1019 LIIII.
976 956 1298 1035 Pompeius
1334 963 1515 1017 noctu
1558 958 1790 1035 magnis
1831 956 2051 1017 additis
2090 955 2529 1017 munitionibus

597 1040 850 1120 reliquis
889 1038 1105 1100 diebus
1143 1048 1345 1101 turres
1386 1043 1649 1101 extruxit
1687 1047 1749 1101 et
1788 1042 1853 1100 in
1888 1040 2264 1101 altitudinem
2304 1040 2529 1118 pedum

595 1137 694 1184 xv
734 1125 964 1185 effectis
1006 1124 1291 1204 operibus
1330 1127 1527 1185 vineis
1557 1143 1689 1185 eam
1730 1131 1961 1204 partem
1990 1131 2326 1184 castrorum
2356 1124 2527 1185 obte—

542 1217 575 1265 2
598 1210 716 1278 xit,
759 1215 820 1269 et
859 1210 1123 1289 quinque
1164 1211 1528 1269 intermissis
1557 1208 1772 1270 diebus
1812 1209 2059 1270 alteram
2101 1216 2339 1269 noctem
2384 1208 2529 1269 sub-

597 1292 866 1355 nubilam
898 1300 1107 1355 nactus
1137 1296 1430 1355 extructis
1459 1292 1736 1354 omnibus
1781 1300 2113 1354 castrorum
2157 1292 2442 1371 partibus
2472 1301 2531 1353 et

595 1378 669 1440 ad
701 1378 1147 1458 impediendum
1178 1377 1450 1447 obtectis,
1480 1380 1661 1438 tertia
1690 1380 1837 1439 inita
1857 1378 2057 1455 vigilia
2089 1378 2331 1438 silentio
2353 1394 2528 1438 exer·

595 1465 782 1523 citum
811 1463 1017 1523 eduxit
1046 1470 1106 1522 et
1136 1482 1200 1523 se
1229 1465 1292 1523 in
1325 1465 1600 1542 antiquas
1628 1465 1993 1523 munitiones
2021 1465 2272 1540 recepit.

546 1555 574 1604 1
725 1545 842 1606 LV.
911 1544 1208 1607 Omnibus
1248 1547 1533 1625 deinceps
1574 1546 1789 1607 diebus
1829 1547 2045 1608 Caesar
2086 1548 2423 1607 exercitum
2467 1548 2529 1607 in

596 1630 788 1690 aciem
830 1647 1084 1707 aequum
1125 1632 1188 1690 in
1240 1630 1436 1691 locum
1480 1631 1792 1708 produxit,
1845 1632 1895 1690 si
1936 1630 2255 1709 Pompeius
2295 1631 2528 1710 proelio

596 1714 906 1774 decertare
945 1713 1155 1784 vellet,
1197 1721 1267 1774 ut
1309 1732 1499 1792 paene
1542 1717 1758 1776 castris
1795 1714 2042 1794 Pompei
2080 1715 2351 1792 legiones
2383 1715 2526 1776 sub·

594 1799 812 1869 iceret3
846 1805 1193 1878 tantumque
1225 1818 1258 1859 a
1288 1798 1440 1859 vallo
1471 1801 1600 1860 eius
1631 1801 1825 1878 prima
1856 1803 2018 1860 acies
2048 1798 2282 1868 aberat,
2328 1801 2421 1859 uti
2454 1818 2525 1859 ne

542 1890 573 1940 2
597 1883 716 1943 telo
747 1891 1117 1944 tormentove
1149 1883 1305 1944 adici
1336 1891 1560 1962 posset.
1612 1883 1932 1962 Pompeius
1963 1890 2178 1954 autem,
2209 1891 2278 1943 ut
2305 1884 2528 1945 samam

596 1969 1059 2047 opinionemque
1089 1968 1399 2028 hominum
1429 1975 1683 2037 teneret,
1708 1970 1794 2028 sic
1828 1986 1939 2047 pro
1962 1970 2175 2028 eastris
2191 1970 2527 2029 exercitum

593 2051 1025 2121 constituebat,
1078 2059 1146 2113 ut
1186 2055 1367 2114 tertia
1410 2054 1570 2113 acies
1609 2050 1829 2112 vallum
1880 2055 2283 2130 contingeret,
2329 2054 2527 2113 omnis

592 2137 834 2216 quidem
876 2140 1205 2200 instructus
1246 2139 1549 2199 exercitus
1587 2137 1728 2199 telis
1771 2156 1845 2198 ex
1888 2136 2039 2199 vallo
2080 2136 2332 2198 abiectis
2382 2156 2526 2217 pro-

592 2224 715 2300 tegi
747 2230 969 2300 posset.

541 2314 568 2362 1
718 2305 864 2365 LVI.
934 2306 1194 2374 Aetolia,
1235 2308 1595 2377 Acarnania,
1629 2305 2051 2385 'Amphilochis
2100 2324 2211 2386 per
2252 2306 2525 2369 Cassium

591 2388 929 2464 Longinum
960 2396 1021 2447 et
1048 2388 1368 2450 Calvisium
1401 2389 1705 2461 Sabinum,
1739 2398 1805 2451 ut
1834 2391 2390 2460 demonstravimuS,
2425 2410 2523 2452 re·

592 2474 787 2550 ceptis
815 2471 1217 2550 temptandam
1248 2472 1366 2533 sibi
1391 2474 1769 2536 Achaiam’ac
1799 2476 1974 2554 paulo
2006 2475 2238 2552 longius
2269 2492 2524 2554 progre-

538 2556 880 2618 2diendum
923 2556 1302 2617 existimabat
1344 2558 1580 2620 Caesar.
1668 2559 1872 2639 ltaque
1915 2578 1986 2619 eo
2030 2560 2313 2620 Calenum
2354 2561 2525 2621 misit

595 2642 774 2716 eique
836 2638 1125 2701 Sabinum
1185 2648 1246 2701 et
1296 2641 1566 2703 Cassium
1624 2661 1762 2704 cum
1820 2642 2164 2704 cohortibus
2221 2644 2521 2721 adiungit.

538 2734 570 2783 3
595 2723 863 2796 Quorum
914 2726 1153 2803 cognito
1200 2724 1457 2786 adventu
1501 2725 1763 2788 Rutilius
1802 2728 2035 2808 Lupus,
2091 2730 2193 2808 qui
2234 2727 2524 2789 Achaiam

590 2811 810 2872 missus
849 2828 883 2870 a
911 2807 1196 2889 Pompeio
1226 2809 1565 2880 obtinebat,
1607 2811 1895 2873 Isthmum
1930 2814 2312 2891 praemunire
2341 2815 2523 2873 insti-

537 2897 738 2968 nuit,
797 2903 863 2956 ut
914 2895 1133 2956 Achaia
1186 2895 1422 2957 Fufium
1471 2896 1844 2974 prohiberet.
1934 2897 2185 2957 Calenus
2238 2896 2521 2975 Delphos,

590 2978 855 3050 ThebaS,
901 2978 1344 3041 Orchomenum
1371 2980 1672 3042 voluntate
1714 2983 1981 3059 ipsarum
2015 2981 2318 3042 civitatum
2346 2999 2521 3042 rece-

589 3066 696 3143 pit,
731 3064 1044 3125 nonnullas
1073 3065 1259 3126 urbes
1289 3084 1399 3144 per
1433 3067 1555 3126 vim
1585 3069 1971 3144 expugnavit,
2013 3065 2278 3145 reliquas
2306 3067 2521 3127 civita-

589 3157 683 3209 tes
724 3151 1154 3210 circummissis
1193 3148 1592 3226 legationibus
1621 3152 1879 3210 amicitia
1910 3151 2152 3211 Caesari
2192 3151 2522 3212 conciliare

590 3232 886 3294 studebat.
945 3234 1013 3294 ln
1044 3233 1141 3294 his
1168 3233 1352 3293 rebus
1381 3234 1509 3294 fere
1540 3241 1669 3294 erat
1698 3234 1902 3295 Fufius
1932 3241 2274 3313 occupatus.

547 3317 574 3366 1
718 3315 890 3377 LVII.
962 3317 1123 3378 Haec
1152 3335 1289 3377 cum
1328 3320 1393 3377 in
1422 3318 1642 3380 Achaia
1673 3326 1849 3397 atque
1894 3319 2047 3397 apud
2079 3320 2520 3398 Dyrrhachium

590 3407 977 3478 gererentur,
1034 3401 1494 3481 Scipionemque
1537 3406 1599 3463 in
1642 3402 2047 3463 Macedoniam
2085 3406 2322 3465 venisse
2372 3423 2517 3465 con·

592 3491 806 3553 staret,
850 3502 968 3545 non
1000 3485 1221 3546 oblitus
1250 3489 1488 3565 pristini
1530 3489 1789 3547 instituti
1816 3488 2029 3548 Caesar
2060 3490 2245 3549 mittit
2274 3487 2346 3548 ad
2380 3507 2518 3549 eum

588 3564 673 3630 A.
709 3568 1008 3637 Clodium,
1052 3588 1225 3631 suum
1256 3578 1432 3650 atque
1478 3571 1639 3632 illius
1668 3572 2051 3642 familiarem,
2097 3591 2274 3653 quem
2305 3572 2380 3633 ab
2411 3572 2517 3632 illo
