<?xml version="1.0" encoding="UTF-8"?>
<!DOCTYPE html PUBLIC "-//W3C//DTD XHTML 1.0 Transitional//EN"
    "http://www.w3.org/TR/xhtml1/DTD/xhtml1-transitional.dtd">
<html xmlns="http://www.w3.org/1999/xhtml" xml:lang="en" lang="en">
 <head>
  <title>
</title>
<meta http-equiv="Content-Type" content="text/html;charset=utf-8" />
  <meta name='ocr-system' content='tesseract 3.04.00' />
  <meta name='ocr-capabilities' content='ocr_page ocr_carea ocr_par ocr_line ocrx_word'/>
</head>
<body>
  <div class='ocr_page' id='page_1' title='image "./commentariidebe01caesgoog_0084.png"; bbox 0 0 2750 4255; ppageno 0'>
   <div class='ocr_carea' id='block_1_1' title="bbox 596 306 1873 376">
    <p class='ocr_par' dir='ltr' id='par_1_1' title="bbox 596 306 1873 376">
     <span class='ocr_line' id='line_1_1' title="bbox 596 306 1873 376; baseline -0.001 -9"><span class='ocrx_word' id='word_1_1' title='bbox 596 306 684 376; x_wconf 83' lang='grc'><strong>80</strong></span> <span class='ocrx_word' id='word_1_2' title='bbox 1239 311 1337 367; x_wconf 76' lang='grc' dir='ltr'><strong>ΒΕ</strong></span> <span class='ocrx_word' id='word_1_3' title='bbox 1379 311 1610 368; x_wconf 83' lang='lat' dir='ltr'>BELLO</span> <span class='ocrx_word' id='word_1_4' title='bbox 1656 311 1776 368; x_wconf 81' lang='lat' dir='ltr'><strong>CIV</strong></span> <span class='ocrx_word' id='word_1_5' title='bbox 1776 311 1873 367; x_wconf 80' lang='lat' dir='ltr'><strong>[LI</strong></span> 
     </span>
    </p>
   </div>
   <div class='ocr_carea' id='block_1_2' title="bbox 546 478 2649 3670">
    <p class='ocr_par' dir='ltr' id='par_1_2' title="bbox 598 478 2550 982">
     <span class='ocr_line' id='line_1_2' title="bbox 598 478 2550 560; baseline -0.002 -19"><span class='ocrx_word' id='word_1_6' title='bbox 598 497 715 560; x_wconf 87' lang='lat' dir='ltr'><strong>que</strong></span> <span class='ocrx_word' id='word_1_7' title='bbox 758 479 890 541; x_wconf 89' lang='lat' dir='ltr'><strong>eius</strong></span> <span class='ocrx_word' id='word_1_8' title='bbox 930 479 1184 559; x_wconf 85' lang='lat' dir='ltr'><strong>amplius</strong></span> <span class='ocrx_word' id='word_1_9' title='bbox 1223 485 1602 559; x_wconf 84' lang='lat' dir='ltr'><strong>processerat</strong></span> <span class='ocrx_word' id='word_1_10' title='bbox 1634 480 1953 558; x_wconf 87' lang='lat' dir='ltr'><strong>temporis,</strong></span> <span class='ocrx_word' id='word_1_11' title='bbox 2001 484 2168 539; x_wconf 79' lang='lat' dir='ltr'><strong>tanto</strong></span> <span class='ocrx_word' id='word_1_12' title='bbox 2199 485 2391 539; x_wconf 89' lang='lat' dir='ltr'><strong>erant</strong></span> <span class='ocrx_word' id='word_1_13' title='bbox 2424 478 2550 539; x_wconf 87' lang='lat' dir='ltr'><strong>ala·</strong></span> 
     </span>
     <span class='ocr_line' id='line_1_3' title="bbox 599 562 2550 643; baseline -0.002 -17"><span class='ocrx_word' id='word_1_14' title='bbox 599 566 828 626; x_wconf 87' lang='lat' dir='ltr'><strong>criores</strong></span> <span class='ocrx_word' id='word_1_15' title='bbox 856 565 928 625; x_wconf 90' lang='lat' dir='ltr'><strong>ad</strong></span> <span class='ocrx_word' id='word_1_16' title='bbox 959 564 1272 633; x_wconf 71' lang='lat' dir='ltr'>custodias„</span> <span class='ocrx_word' id='word_1_17' title='bbox 1305 565 1410 643; x_wconf 89' lang='lat' dir='ltr'><strong>qui</strong></span> <span class='ocrx_word' id='word_1_18' title='bbox 1432 562 1725 624; x_wconf 81' lang='lat' dir='ltr'><strong>classibus</strong></span> <span class='ocrx_word' id='word_1_19' title='bbox 1748 571 2080 642; x_wconf 88' lang='lat' dir='ltr'><strong>praeerant,</strong></span> <span class='ocrx_word' id='word_1_20' title='bbox 2114 565 2550 643; x_wconf 86' lang='lat' dir='ltr'><strong>maioremque</strong></span> 
     </span>
     <span class='ocr_line' id='line_1_4' title="bbox 598 646 2550 728; baseline -0.002 -18"><span class='ocrx_word' id='word_1_21' title='bbox 598 649 874 710; x_wconf 88' lang='lat' dir='ltr'><strong>fiduciam</strong></span> <span class='ocrx_word' id='word_1_22' title='bbox 903 647 1263 728; x_wconf 87' lang='lat' dir='ltr'><strong>prohibendi</strong></span> <span class='ocrx_word' id='word_1_23' title='bbox 1291 646 1619 717; x_wconf 88' lang='lat' dir='ltr'><strong>habebant,</strong></span> <span class='ocrx_word' id='word_1_24' title='bbox 1665 655 1726 708; x_wconf 93' lang='lat' dir='ltr'><strong>et</strong></span> <span class='ocrx_word' id='word_1_25' title='bbox 1765 646 1995 708; x_wconf 82' lang='lat' dir='ltr'><strong>crebris</strong></span> <span class='ocrx_word' id='word_1_26' title='bbox 2023 646 2275 727; x_wconf 85' lang='lat' dir='ltr'>Pompei</span> <span class='ocrx_word' id='word_1_27' title='bbox 2306 647 2550 708; x_wconf 88' lang='lat' dir='ltr'><strong>litteris</strong></span> 
     </span>
     <span class='ocr_line' id='line_1_5' title="bbox 599 731 2547 812; baseline -0.002 -17"><span class='ocrx_word' id='word_1_28' title='bbox 599 733 1074 811; x_wconf 81' lang='lat' dir='ltr'><strong>castigabantur,</strong></span> <span class='ocrx_word' id='word_1_29' title='bbox 1118 735 1399 812; x_wconf 87' lang='lat' dir='ltr'><strong>quoniam</strong></span> <span class='ocrx_word' id='word_1_30' title='bbox 1440 734 1636 810; x_wconf 90' lang='lat' dir='ltr'><strong>primo</strong></span> <span class='ocrx_word' id='word_1_31' title='bbox 1674 733 2014 792; x_wconf 85' lang='lat' dir='ltr'><strong>venientem</strong></span> <span class='ocrx_word' id='word_1_32' title='bbox 2043 731 2368 793; x_wconf 89' lang='lat' dir='ltr'><strong>Caesarem</strong></span> <span class='ocrx_word' id='word_1_33' title='bbox 2419 750 2547 792; x_wconf 87' lang='lat' dir='ltr'><strong>non</strong></span> 
     </span>
     <span class='ocr_line' id='line_1_6' title="bbox 598 815 2547 899; baseline -0.002 -20"><span class='ocrx_word' id='word_1_34' title='bbox 598 816 1076 899; x_wconf 85' lang='lat' dir='ltr'><strong>prohibuissent,</strong></span> <span class='ocrx_word' id='word_1_35' title='bbox 1138 824 1203 877; x_wconf 91' lang='lat' dir='ltr'><strong>ut</strong></span> <span class='ocrx_word' id='word_1_36' title='bbox 1259 816 1524 895; x_wconf 89' lang='lat' dir='ltr'><strong>reliquos</strong></span> <span class='ocrx_word' id='word_1_37' title='bbox 1580 817 1710 876; x_wconf 90' lang='lat' dir='ltr'><strong>eius</strong></span> <span class='ocrx_word' id='word_1_38' title='bbox 1766 818 2067 876; x_wconf 86' lang='lat' dir='ltr'><strong>exercitus</strong></span> <span class='ocrx_word' id='word_1_39' title='bbox 2123 815 2547 894; x_wconf 83' lang='lat' dir='ltr'><strong>impedirent;</strong></span> 
     </span>
     <span class='ocr_line' id='line_1_7' title="bbox 601 899 2550 982; baseline -0.002 -19"><span class='ocrx_word' id='word_1_40' title='bbox 601 904 928 982; x_wconf 89' lang='lat' dir='ltr'><strong>duriusque</strong></span> <span class='ocrx_word' id='word_1_41' title='bbox 969 901 1190 962; x_wconf 81' lang='lat' dir='ltr'><strong>cotidie</strong></span> <span class='ocrx_word' id='word_1_42' title='bbox 1228 910 1460 979; x_wconf 90' lang='lat' dir='ltr'><strong>tempus</strong></span> <span class='ocrx_word' id='word_1_43' title='bbox 1491 900 1563 960; x_wconf 89' lang='lat' dir='ltr'><strong>ad</strong></span> <span class='ocrx_word' id='word_1_44' title='bbox 1596 900 2117 980; x_wconf 88' lang='lat' dir='ltr'><strong>transportandum</strong></span> <span class='ocrx_word' id='word_1_45' title='bbox 2148 899 2550 960; x_wconf 82' lang='lat' dir='ltr'><strong>saevioribus</strong></span> 
     </span>
    </p>

    <p class='ocr_par' dir='ltr' id='par_1_3' title="bbox 546 983 2546 1315">
     <span class='ocr_line' id='line_1_8' title="bbox 546 983 2546 1064; baseline -0.001 -19"><span class='ocrx_word' id='word_1_46' title='bbox 546 992 580 1040; x_wconf 81' lang='lat'><em>8</em></span> <span class='ocrx_word' id='word_1_47' title='bbox 603 989 793 1048; x_wconf 82' lang='lat' dir='ltr'><strong>ventis</strong></span> <span class='ocrx_word' id='word_1_48' title='bbox 824 984 1191 1064; x_wconf 85' lang='lat' dir='ltr'><strong>expectabat.</strong></span> <span class='ocrx_word' id='word_1_49' title='bbox 1270 983 1502 1055; x_wconf 88' lang='lat' dir='ltr'><strong>Quibus</strong></span> <span class='ocrx_word' id='word_1_50' title='bbox 1531 983 1716 1045; x_wconf 91' lang='lat' dir='ltr'><strong>rebus</strong></span> <span class='ocrx_word' id='word_1_51' title='bbox 1744 992 2051 1063; x_wconf 89' lang='lat' dir='ltr'><strong>permotus</strong></span> <span class='ocrx_word' id='word_1_52' title='bbox 2079 984 2299 1045; x_wconf 88' lang='lat' dir='ltr'><strong>Caesar</strong></span> <span class='ocrx_word' id='word_1_53' title='bbox 2328 983 2546 1044; x_wconf 82' lang='lat' dir='ltr'><strong>Brun-</strong></span> 
     </span>
     <span class='ocr_line' id='line_1_9' title="bbox 600 1068 2544 1147; baseline -0.002 -15"><span class='ocrx_word' id='word_1_54' title='bbox 600 1072 819 1132; x_wconf 91' lang='lat' dir='ltr'><strong>disium</strong></span> <span class='ocrx_word' id='word_1_55' title='bbox 860 1069 933 1130; x_wconf 89' lang='lat' dir='ltr'><strong>ad</strong></span> <span class='ocrx_word' id='word_1_56' title='bbox 976 1087 1114 1130; x_wconf 91' lang='lat' dir='ltr'><strong>suos</strong></span> <span class='ocrx_word' id='word_1_57' title='bbox 1155 1071 1423 1130; x_wconf 87' lang='lat' dir='ltr'><strong>severius</strong></span> <span class='ocrx_word' id='word_1_58' title='bbox 1464 1070 1734 1147; x_wconf 83' lang='lat' dir='ltr'><strong>scripsit,</strong></span> <span class='ocrx_word' id='word_1_59' title='bbox 1778 1071 1938 1129; x_wconf 89' lang='lat' dir='ltr'><strong>nacti</strong></span> <span class='ocrx_word' id='word_1_60' title='bbox 1968 1068 2249 1128; x_wconf 91' lang='lat' dir='ltr'><strong>idoneum</strong></span> <span class='ocrx_word' id='word_1_61' title='bbox 2280 1076 2544 1128; x_wconf 81' lang='lat' dir='ltr'><strong>ventum</strong></span> 
     </span>
     <span class='ocr_line' id='line_1_10' title="bbox 604 1152 2544 1232; baseline -0.002 -17"><span class='ocrx_word' id='word_1_62' title='bbox 604 1173 680 1216; x_wconf 90' lang='lat' dir='ltr'><strong>ne</strong></span> <span class='ocrx_word' id='word_1_63' title='bbox 710 1155 1080 1215; x_wconf 88' lang='lat' dir='ltr'><strong>occasionem</strong></span> <span class='ocrx_word' id='word_1_64' title='bbox 1110 1153 1427 1230; x_wconf 86' lang='lat' dir='ltr'><strong>navigandi</strong></span> <span class='ocrx_word' id='word_1_65' title='bbox 1460 1153 1845 1222; x_wconf 88' lang='lat' dir='ltr'><strong>dimitterent,</strong></span> <span class='ocrx_word' id='word_1_66' title='bbox 1882 1154 2005 1213; x_wconf 87' lang='lat' dir='ltr'><strong>sive</strong></span> <span class='ocrx_word' id='word_1_67' title='bbox 2037 1152 2109 1213; x_wconf 90' lang='lat' dir='ltr'><strong>ad</strong></span> <span class='ocrx_word' id='word_1_68' title='bbox 2140 1152 2315 1223; x_wconf 80' lang='lat' dir='ltr'><strong>litora</strong></span> <span class='ocrx_word' id='word_1_69' title='bbox 2345 1152 2544 1232; x_wconf 86' lang='lat' dir='ltr'><strong>Apol·</strong></span> 
     </span>
     <span class='ocr_line' id='line_1_11' title="bbox 602 1234 2545 1315; baseline -0.002 -16"><span class='ocrx_word' id='word_1_70' title='bbox 602 1239 912 1299; x_wconf 90' lang='lat' dir='ltr'><strong>loniatium</strong></span> <span class='ocrx_word' id='word_1_71' title='bbox 951 1235 1080 1300; x_wconf 84' lang='lat' dir='ltr'><strong>sive</strong></span> <span class='ocrx_word' id='word_1_72' title='bbox 1107 1235 1197 1300; x_wconf 82' lang='lat' dir='ltr'><strong>ad</strong></span> <span class='ocrx_word' id='word_1_73' title='bbox 1221 1234 1602 1299; x_wconf 81' lang='lat' dir='ltr'><strong>Labeatium</strong></span> <span class='ocrx_word' id='word_1_74' title='bbox 1640 1254 1878 1297; x_wconf 88' lang='lat' dir='ltr'><strong>cursum</strong></span> <span class='ocrx_word' id='word_1_75' title='bbox 1924 1237 2188 1315; x_wconf 83' lang='lat' dir='ltr'><strong>dirigere</strong></span> <span class='ocrx_word' id='word_1_76' title='bbox 2232 1244 2422 1315; x_wconf 86' lang='lat' dir='ltr'><strong>atque</strong></span> <span class='ocrx_word' id='word_1_77' title='bbox 2470 1254 2545 1296; x_wconf 83' lang='lat' dir='ltr'><strong>eo</strong></span> 
     </span>
    </p>

    <p class='ocr_par' dir='ltr' id='par_1_4' title="bbox 548 1320 2539 1553">
     <span class='ocr_line' id='line_1_12' title="bbox 548 1320 2537 1402; baseline -0.002 -18"><span class='ocrx_word' id='word_1_78' title='bbox 548 1326 584 1375; x_wconf 81' lang='lat'>4</span> <span class='ocrx_word' id='word_1_79' title='bbox 604 1341 783 1384; x_wconf 87' lang='lat' dir='ltr'><strong>naves</strong></span> <span class='ocrx_word' id='word_1_80' title='bbox 812 1325 1010 1383; x_wconf 91' lang='lat' dir='ltr'><strong>eicere</strong></span> <span class='ocrx_word' id='word_1_81' title='bbox 1038 1330 1299 1402; x_wconf 85' lang='lat' dir='ltr'><strong>possent.</strong></span> <span class='ocrx_word' id='word_1_82' title='bbox 1360 1321 1520 1382; x_wconf 85' lang='lat' dir='ltr'><strong>Haec</strong></span> <span class='ocrx_word' id='word_1_83' title='bbox 1552 1339 1585 1381; x_wconf 88' lang='lat' dir='ltr'><strong>a</strong></span> <span class='ocrx_word' id='word_1_84' title='bbox 1614 1321 1900 1381; x_wconf 90' lang='lat' dir='ltr'><strong>custodiis</strong></span> <span class='ocrx_word' id='word_1_85' title='bbox 1928 1321 2206 1382; x_wconf 90' lang='lat' dir='ltr'><strong>classium</strong></span> <span class='ocrx_word' id='word_1_86' title='bbox 2236 1320 2370 1381; x_wconf 91' lang='lat' dir='ltr'><strong>loca</strong></span> <span class='ocrx_word' id='word_1_87' title='bbox 2405 1339 2537 1381; x_wconf 90' lang='lat' dir='ltr'><strong>ma-</strong></span> 
     </span>
     <span class='ocr_line' id='line_1_13' title="bbox 601 1404 2539 1486; baseline -0.001 -18"><span class='ocrx_word' id='word_1_88' title='bbox 601 1409 758 1469; x_wconf 88' lang='lat' dir='ltr'><strong>xime</strong></span> <span class='ocrx_word' id='word_1_89' title='bbox 796 1407 1109 1477; x_wconf 81' lang='lat' dir='ltr'><strong>vacabant,</strong></span> <span class='ocrx_word' id='word_1_90' title='bbox 1164 1406 1322 1486; x_wconf 90' lang='lat' dir='ltr'><strong>quod</strong></span> <span class='ocrx_word' id='word_1_91' title='bbox 1369 1423 1433 1466; x_wconf 91' lang='lat' dir='ltr'><strong>se</strong></span> <span class='ocrx_word' id='word_1_92' title='bbox 1474 1405 1709 1483; x_wconf 87' lang='lat' dir='ltr'><strong>longius</strong></span> <span class='ocrx_word' id='word_1_93' title='bbox 1747 1422 1792 1466; x_wconf 88' lang='lat' dir='ltr'><strong>a</strong></span> <span class='ocrx_word' id='word_1_94' title='bbox 1829 1404 2106 1484; x_wconf 88' lang='lat' dir='ltr'><strong>portibus</strong></span> <span class='ocrx_word' id='word_1_95' title='bbox 2144 1407 2539 1466; x_wconf 86' lang='lat' dir='ltr'><strong>committere</strong></span> 
     </span>
     <span class='ocr_line' id='line_1_14' title="bbox 602 1492 1059 1553; baseline -0.004 0"><span class='ocrx_word' id='word_1_96' title='bbox 602 1510 721 1553; x_wconf 90' lang='lat' dir='ltr'><strong>non</strong></span> <span class='ocrx_word' id='word_1_97' title='bbox 753 1492 1059 1553; x_wconf 88' lang='lat' dir='ltr'><strong>auderent.</strong></span> 
     </span>
    </p>

    <p class='ocr_par' dir='ltr' id='par_1_5' title="bbox 551 1573 2534 1904">
     <span class='ocr_line' id='line_1_15' title="bbox 551 1573 2533 1636; baseline 0.003 -6"><span class='ocrx_word' id='word_1_98' title='bbox 551 1580 580 1630; x_wconf 85' lang='lat'><strong>1</strong></span> <span class='ocrx_word' id='word_1_99' title='bbox 727 1575 932 1636; x_wconf 90' lang='lat' dir='ltr'><strong>XXVI.</strong></span> <span class='ocrx_word' id='word_1_100' title='bbox 979 1575 1069 1635; x_wconf 88' lang='lat' dir='ltr'><strong>llli</strong></span> <span class='ocrx_word' id='word_1_101' title='bbox 1112 1574 1374 1635; x_wconf 90' lang='lat' dir='ltr'><strong>adhibita</strong></span> <span class='ocrx_word' id='word_1_102' title='bbox 1417 1573 1660 1634; x_wconf 89' lang='lat' dir='ltr'><strong>audacia</strong></span> <span class='ocrx_word' id='word_1_103' title='bbox 1701 1582 1759 1634; x_wconf 88' lang='lat' dir='ltr'><strong>et</strong></span> <span class='ocrx_word' id='word_1_104' title='bbox 1798 1576 2018 1634; x_wconf 88' lang='lat' dir='ltr'><strong>virtute</strong></span> <span class='ocrx_word' id='word_1_105' title='bbox 2049 1574 2533 1635; x_wconf 87' lang='lat' dir='ltr'><strong>administranti-</strong></span> 
     </span>
     <span class='ocr_line' id='line_1_16' title="bbox 603 1657 2534 1737; baseline 0 -17"><span class='ocrx_word' id='word_1_106' title='bbox 603 1659 715 1720; x_wconf 90' lang='lat' dir='ltr'><strong>bus</strong></span> <span class='ocrx_word' id='word_1_107' title='bbox 753 1658 831 1718; x_wconf 89' lang='grc' dir='ltr'><strong>Μ.</strong></span> <span class='ocrx_word' id='word_1_108' title='bbox 863 1659 1118 1718; x_wconf 82' lang='lat' dir='ltr'><strong>Antonio</strong></span> <span class='ocrx_word' id='word_1_109' title='bbox 1160 1666 1220 1718; x_wconf 88' lang='lat' dir='ltr'><strong>et</strong></span> <span class='ocrx_word' id='word_1_110' title='bbox 1261 1659 1429 1718; x_wconf 86' lang='lat' dir='ltr'><strong>Fufio</strong></span> <span class='ocrx_word' id='word_1_111' title='bbox 1461 1657 1706 1726; x_wconf 89' lang='lat' dir='ltr'><strong>Caleno,</strong></span> <span class='ocrx_word' id='word_1_112' title='bbox 1752 1658 1999 1719; x_wconf 87' lang='lat' dir='ltr'><strong>multum</strong></span> <span class='ocrx_word' id='word_1_113' title='bbox 2040 1659 2189 1737; x_wconf 89' lang='lat' dir='ltr'><strong>ipsis</strong></span> <span class='ocrx_word' id='word_1_114' title='bbox 2230 1658 2534 1720; x_wconf 88' lang='lat' dir='ltr'><strong>militibus</strong></span> 
     </span>
     <span class='ocr_line' id='line_1_17' title="bbox 604 1741 2534 1822; baseline 0.001 -20"><span class='ocrx_word' id='word_1_115' title='bbox 604 1741 982 1803; x_wconf 87' lang='lat' dir='ltr'><strong>hortantibus</strong></span> <span class='ocrx_word' id='word_1_116' title='bbox 1019 1760 1213 1822; x_wconf 89' lang='lat' dir='ltr'><strong>neque</strong></span> <span class='ocrx_word' id='word_1_117' title='bbox 1252 1742 1439 1803; x_wconf 90' lang='lat' dir='ltr'><strong>ullum</strong></span> <span class='ocrx_word' id='word_1_118' title='bbox 1480 1741 1812 1821; x_wconf 90' lang='lat' dir='ltr'><strong>periculum</strong></span> <span class='ocrx_word' id='word_1_119' title='bbox 1862 1761 1971 1821; x_wconf 87' lang='lat' dir='ltr'><strong>pro</strong></span> <span class='ocrx_word' id='word_1_120' title='bbox 2023 1742 2211 1804; x_wconf 91' lang='lat' dir='ltr'><strong>salute</strong></span> <span class='ocrx_word' id='word_1_121' title='bbox 2252 1742 2534 1804; x_wconf 86' lang='lat' dir='ltr'><strong>Caesaris</strong></span> 
     </span>
     <span class='ocr_line' id='line_1_18' title="bbox 606 1825 2533 1904; baseline 0 -17"><span class='ocrx_word' id='word_1_122' title='bbox 606 1825 1050 1896; x_wconf 80' lang='lat' dir='ltr'><strong>recusantibuS,</strong></span> <span class='ocrx_word' id='word_1_123' title='bbox 1101 1828 1260 1887; x_wconf 89' lang='lat' dir='ltr'><strong>nacti</strong></span> <span class='ocrx_word' id='word_1_124' title='bbox 1301 1827 1583 1887; x_wconf 83' lang='lat' dir='ltr'><strong>Austrum</strong></span> <span class='ocrx_word' id='word_1_125' title='bbox 1628 1844 1805 1886; x_wconf 90' lang='lat' dir='ltr'><strong>naves</strong></span> <span class='ocrx_word' id='word_1_126' title='bbox 1847 1827 2078 1888; x_wconf 88' lang='lat' dir='ltr'><strong>solvunt</strong></span> <span class='ocrx_word' id='word_1_127' title='bbox 2118 1834 2293 1904; x_wconf 92' lang='lat' dir='ltr'><strong>atque</strong></span> <span class='ocrx_word' id='word_1_128' title='bbox 2337 1828 2533 1888; x_wconf 88' lang='lat' dir='ltr'><strong>altero</strong></span> 
     </span>
    </p>

    <p class='ocr_par' dir='ltr' id='par_1_6' title="bbox 551 1907 2531 2244">
     <span class='ocr_line' id='line_1_19' title="bbox 551 1907 2531 1992; baseline 0 -20"><span class='ocrx_word' id='word_1_129' title='bbox 551 1913 582 1963; x_wconf 81' lang='lat'><strong>2</strong></span> <span class='ocrx_word' id='word_1_130' title='bbox 607 1912 701 1974; x_wconf 92' lang='lat' dir='ltr'><strong>die</strong></span> <span class='ocrx_word' id='word_1_131' title='bbox 723 1911 1089 1990; x_wconf 81' lang='lat' dir='ltr'><strong>Apolloniam</strong></span> <span class='ocrx_word' id='word_1_132' title='bbox 1114 1907 1607 1992; x_wconf 84' lang='lat' dir='ltr'><strong>[Dyrrhachium]</strong></span> <span class='ocrx_word' id='word_1_133' title='bbox 1635 1911 2190 1989; x_wconf 87' lang='lat' dir='ltr'><strong>praetervehuntur.</strong></span> <span class='ocrx_word' id='word_1_134' title='bbox 2251 1909 2531 1980; x_wconf 88' lang='lat' dir='ltr'><strong>Quicum</strong></span> 
     </span>
     <span class='ocr_line' id='line_1_20' title="bbox 606 1995 2531 2074; baseline 0 -17"><span class='ocrx_word' id='word_1_135' title='bbox 606 2003 809 2058; x_wconf 89' lang='lat' dir='ltr'><strong>essent</strong></span> <span class='ocrx_word' id='word_1_136' title='bbox 837 2014 905 2057; x_wconf 84' lang='lat' dir='ltr'><strong>ex</strong></span> <span class='ocrx_word' id='word_1_137' title='bbox 938 1998 1264 2057; x_wconf 89' lang='lat' dir='ltr'><strong>continenti</strong></span> <span class='ocrx_word' id='word_1_138' title='bbox 1294 1997 1438 2065; x_wconf 89' lang='lat' dir='ltr'><strong>visi,</strong></span> <span class='ocrx_word' id='word_1_139' title='bbox 1482 1995 1808 2074; x_wconf 91' lang='lat' dir='ltr'><strong>Coponius,</strong></span> <span class='ocrx_word' id='word_1_140' title='bbox 1852 1997 1957 2074; x_wconf 86' lang='lat' dir='ltr'><strong>qui</strong></span> <span class='ocrx_word' id='word_1_141' title='bbox 1988 1995 2319 2074; x_wconf 79' lang='lat' dir='ltr'><strong>Dyrrhachi</strong></span> <span class='ocrx_word' id='word_1_142' title='bbox 2352 1995 2531 2057; x_wconf 88' lang='lat' dir='ltr'><strong>classi</strong></span> 
     </span>
     <span class='ocr_line' id='line_1_21' title="bbox 605 2079 2530 2161; baseline -0.002 -17"><span class='ocrx_word' id='word_1_143' title='bbox 605 2080 869 2144; x_wconf 86' lang='lat' dir='ltr'><strong>Rhodiae</strong></span> <span class='ocrx_word' id='word_1_144' title='bbox 898 2088 1196 2161; x_wconf 89' lang='lat' dir='ltr'><strong>praeerat,</strong></span> <span class='ocrx_word' id='word_1_145' title='bbox 1228 2098 1411 2142; x_wconf 84' lang='lat' dir='ltr'><strong>naves</strong></span> <span class='ocrx_word' id='word_1_146' title='bbox 1441 2097 1512 2141; x_wconf 88' lang='lat' dir='ltr'><strong>ex</strong></span> <span class='ocrx_word' id='word_1_147' title='bbox 1542 2085 1720 2160; x_wconf 90' lang='lat' dir='ltr'><strong>portu</strong></span> <span class='ocrx_word' id='word_1_148' title='bbox 1750 2079 1980 2149; x_wconf 93' lang='lat' dir='ltr'><strong>educit,</strong></span> <span class='ocrx_word' id='word_1_149' title='bbox 2013 2087 2073 2141; x_wconf 90' lang='lat' dir='ltr'><strong>et</strong></span> <span class='ocrx_word' id='word_1_150' title='bbox 2102 2092 2236 2142; x_wconf 90' lang='lat' dir='ltr'><strong>cum</strong></span> <span class='ocrx_word' id='word_1_151' title='bbox 2269 2082 2390 2141; x_wconf 90' lang='lat' dir='ltr'><strong>iam</strong></span> <span class='ocrx_word' id='word_1_152' title='bbox 2417 2098 2530 2141; x_wconf 85' lang='lat' dir='ltr'><strong>no·</strong></span> 
     </span>
     <span class='ocr_line' id='line_1_22' title="bbox 607 2165 2531 2244; baseline 0 -17"><span class='ocrx_word' id='word_1_153' title='bbox 607 2168 749 2228; x_wconf 90' lang='lat' dir='ltr'><strong>stris</strong></span> <span class='ocrx_word' id='word_1_154' title='bbox 787 2167 1129 2227; x_wconf 90' lang='lat' dir='ltr'><strong>remissiore</strong></span> <span class='ocrx_word' id='word_1_155' title='bbox 1173 2174 1348 2226; x_wconf 87' lang='lat' dir='ltr'><strong>vento</strong></span> <span class='ocrx_word' id='word_1_156' title='bbox 1389 2165 1952 2244; x_wconf 84' lang='lat' dir='ltr'><strong>adpropinquasset,</strong></span> <span class='ocrx_word' id='word_1_157' title='bbox 1995 2165 2155 2225; x_wconf 90' lang='lat' dir='ltr'><strong>idem</strong></span> <span class='ocrx_word' id='word_1_158' title='bbox 2184 2166 2403 2226; x_wconf 83' lang='lat' dir='ltr'><strong>Auster</strong></span> <span class='ocrx_word' id='word_1_159' title='bbox 2434 2168 2531 2227; x_wconf 88' lang='lat' dir='ltr'><strong>in-</strong></span> 
     </span>
    </p>

    <p class='ocr_par' dir='ltr' id='par_1_7' title="bbox 552 2247 2533 2581">
     <span class='ocr_line' id='line_1_23' title="bbox 552 2247 2528 2328; baseline -0.001 -17"><span class='ocrx_word' id='word_1_160' title='bbox 552 2253 583 2302; x_wconf 80' lang='lat'><strong>3</strong></span> <span class='ocrx_word' id='word_1_161' title='bbox 607 2249 844 2312; x_wconf 89' lang='lat' dir='ltr'><strong>crebuit</strong></span> <span class='ocrx_word' id='word_1_162' title='bbox 871 2251 1208 2328; x_wconf 90' lang='lat' dir='ltr'><strong>nostrisque</strong></span> <span class='ocrx_word' id='word_1_163' title='bbox 1238 2248 1540 2328; x_wconf 87' lang='lat' dir='ltr'><strong>praesidio</strong></span> <span class='ocrx_word' id='word_1_164' title='bbox 1569 2250 1703 2310; x_wconf 84' lang='lat' dir='ltr'><strong>fuit.</strong></span> <span class='ocrx_word' id='word_1_165' title='bbox 1762 2247 1972 2327; x_wconf 87' lang='lat' dir='ltr'><strong>Neque</strong></span> <span class='ocrx_word' id='word_1_166' title='bbox 1999 2267 2141 2310; x_wconf 87' lang='lat' dir='ltr'><strong>vero</strong></span> <span class='ocrx_word' id='word_1_167' title='bbox 2171 2250 2269 2310; x_wconf 92' lang='lat' dir='ltr'><strong>ille</strong></span> <span class='ocrx_word' id='word_1_168' title='bbox 2293 2248 2371 2309; x_wconf 92' lang='lat' dir='ltr'><strong>oh</strong></span> <span class='ocrx_word' id='word_1_169' title='bbox 2396 2267 2528 2310; x_wconf 86' lang='lat' dir='ltr'><strong>eam</strong></span> 
     </span>
     <span class='ocr_line' id='line_1_24' title="bbox 607 2331 2532 2413; baseline 0.001 -18"><span class='ocrx_word' id='word_1_170' title='bbox 607 2352 847 2395; x_wconf 88' lang='lat' dir='ltr'><strong>causam</strong></span> <span class='ocrx_word' id='word_1_171' title='bbox 897 2340 1111 2394; x_wconf 89' lang='lat' dir='ltr'><strong>conatu</strong></span> <span class='ocrx_word' id='word_1_172' title='bbox 1162 2331 1517 2402; x_wconf 85' lang='lat' dir='ltr'><strong>desistebat,</strong></span> <span class='ocrx_word' id='word_1_173' title='bbox 1569 2332 1675 2393; x_wconf 88' lang='lat' dir='ltr'><strong>sed</strong></span> <span class='ocrx_word' id='word_1_174' title='bbox 1725 2331 1927 2394; x_wconf 90' lang='lat' dir='ltr'><strong>labore</strong></span> <span class='ocrx_word' id='word_1_175' title='bbox 1975 2341 2036 2394; x_wconf 90' lang='lat' dir='ltr'><strong>et</strong></span> <span class='ocrx_word' id='word_1_176' title='bbox 2082 2337 2532 2413; x_wconf 87' lang='lat' dir='ltr'><strong>perseverantia</strong></span> 
     </span>
     <span class='ocr_line' id='line_1_25' title="bbox 607 2414 2533 2497; baseline 0.001 -19"><span class='ocrx_word' id='word_1_177' title='bbox 607 2424 919 2479; x_wconf 87' lang='lat' dir='ltr'><strong>nautarum</strong></span> <span class='ocrx_word' id='word_1_178' title='bbox 965 2414 1081 2496; x_wconf 90' lang='lat' dir='ltr'><strong>[et]</strong></span> <span class='ocrx_word' id='word_1_179' title='bbox 1123 2419 1244 2476; x_wconf 88' lang='lat' dir='ltr'><strong>vim</strong></span> <span class='ocrx_word' id='word_1_180' title='bbox 1283 2418 1657 2496; x_wconf 87' lang='lat' dir='ltr'><strong>tempestatis</strong></span> <span class='ocrx_word' id='word_1_181' title='bbox 1695 2419 1967 2496; x_wconf 87' lang='lat' dir='ltr'><strong>superari</strong></span> <span class='ocrx_word' id='word_1_182' title='bbox 2018 2435 2192 2496; x_wconf 90' lang='lat' dir='ltr'><strong>posse</strong></span> <span class='ocrx_word' id='word_1_183' title='bbox 2242 2418 2533 2497; x_wconf 84' lang='lat' dir='ltr'><strong>sperabat</strong></span> 
     </span>
     <span class='ocr_line' id='line_1_26' title="bbox 607 2500 2530 2581; baseline 0.001 -20"><span class='ocrx_word' id='word_1_184' title='bbox 607 2506 1163 2581; x_wconf 78' lang='lat' dir='ltr'><strong>praetervectosque</strong></span> <span class='ocrx_word' id='word_1_185' title='bbox 1193 2500 1625 2580; x_wconf 82' lang='lat' dir='ltr'><strong>Dyrrhachium</strong></span> <span class='ocrx_word' id='word_1_186' title='bbox 1665 2518 1875 2578; x_wconf 85' lang='lat' dir='ltr'><strong>magna</strong></span> <span class='ocrx_word' id='word_1_187' title='bbox 1916 2503 1973 2561; x_wconf 86' lang='lat' dir='ltr'><strong>vi</strong></span> <span class='ocrx_word' id='word_1_188' title='bbox 2012 2504 2172 2563; x_wconf 86' lang='lat' dir='ltr'><strong>venti</strong></span> <span class='ocrx_word' id='word_1_189' title='bbox 2215 2503 2405 2563; x_wconf 90' lang='lat' dir='ltr'><strong>nihilo</strong></span> <span class='ocrx_word' id='word_1_190' title='bbox 2434 2522 2530 2563; x_wconf 92' lang='lat' dir='ltr'><strong>se-</strong></span> 
     </span>
    </p>

    <p class='ocr_par' dir='ltr' id='par_1_8' title="bbox 555 2583 2530 3003">
     <span class='ocr_line' id='line_1_27' title="bbox 555 2583 2530 2662; baseline 0.005 -24"><span class='ocrx_word' id='word_1_191' title='bbox 555 2588 590 2638; x_wconf 67' lang='grc' dir='ltr'><strong><em>ι</em></strong></span> <span class='ocrx_word' id='word_1_192' title='bbox 612 2586 742 2645; x_wconf 89' lang='lat' dir='ltr'><strong>cius</strong></span> <span class='ocrx_word' id='word_1_193' title='bbox 770 2583 1145 2662; x_wconf 86' lang='lat' dir='ltr'><strong>sequebatur.</strong></span> <span class='ocrx_word' id='word_1_194' title='bbox 1207 2583 1411 2645; x_wconf 90' lang='lat' dir='ltr'><strong>Nostri</strong></span> <span class='ocrx_word' id='word_1_195' title='bbox 1442 2587 1536 2646; x_wconf 90' lang='lat' dir='ltr'><strong>usi</strong></span> <span class='ocrx_word' id='word_1_196' title='bbox 1560 2586 1830 2645; x_wconf 82' lang='lat' dir='ltr'><strong>fortunae</strong></span> <span class='ocrx_word' id='word_1_197' title='bbox 1862 2585 2154 2647; x_wconf 84' lang='lat' dir='ltr'><strong>beneficio</strong></span> <span class='ocrx_word' id='word_1_198' title='bbox 2183 2594 2383 2648; x_wconf 86' lang='lat' dir='ltr'><strong>tamen</strong></span> <span class='ocrx_word' id='word_1_199' title='bbox 2413 2590 2530 2648; x_wconf 90' lang='lat' dir='ltr'><strong>im-</strong></span> 
     </span>
     <span class='ocr_line' id='line_1_28' title="bbox 608 2668 2529 2748; baseline 0.002 -19"><span class='ocrx_word' id='word_1_200' title='bbox 608 2674 812 2748; x_wconf 89' lang='lat' dir='ltr'><strong>petum</strong></span> <span class='ocrx_word' id='word_1_201' title='bbox 846 2668 1048 2728; x_wconf 87' lang='lat' dir='ltr'><strong>classis</strong></span> <span class='ocrx_word' id='word_1_202' title='bbox 1077 2668 1386 2738; x_wconf 89' lang='lat' dir='ltr'><strong>timebant,</strong></span> <span class='ocrx_word' id='word_1_203' title='bbox 1419 2671 1470 2729; x_wconf 90' lang='lat' dir='ltr'><strong>si</strong></span> <span class='ocrx_word' id='word_1_204' title='bbox 1496 2670 1655 2741; x_wconf 68' lang='lat' dir='ltr'><strong>¹sorte</strong></span> <span class='ocrx_word' id='word_1_205' title='bbox 1685 2677 1895 2731; x_wconf 87' lang='lat' dir='ltr'><strong>ventus</strong></span> <span class='ocrx_word' id='word_1_206' title='bbox 1922 2673 2273 2732; x_wconf 88' lang='lat' dir='ltr'><strong>remisisset.</strong></span> <span class='ocrx_word' id='word_1_207' title='bbox 2353 2671 2529 2732; x_wconf 89' lang='lat' dir='ltr'><strong>Nacti</strong></span> 
     </span>
     <span class='ocr_line' id='line_1_29' title="bbox 608 2752 2530 2833; baseline 0.002 -21"><span class='ocrx_word' id='word_1_208' title='bbox 608 2760 875 2832; x_wconf 88' lang='lat' dir='ltr'><strong>portum,</strong></span> <span class='ocrx_word' id='word_1_209' title='bbox 919 2754 1022 2831; x_wconf 89' lang='lat' dir='ltr'><strong>qui</strong></span> <span class='ocrx_word' id='word_1_210' title='bbox 1059 2752 1390 2832; x_wconf 89' lang='lat' dir='ltr'><strong>appellatur</strong></span> <span class='ocrx_word' id='word_1_211' title='bbox 1419 2752 1857 2833; x_wconf 87' lang='lat' dir='ltr'><strong>Nymphaeum,</strong></span> <span class='ocrx_word' id='word_1_212' title='bbox 1900 2754 2056 2815; x_wconf 88' lang='lat' dir='ltr'><strong>ultra</strong></span> <span class='ocrx_word' id='word_1_213' title='bbox 2085 2756 2321 2816; x_wconf 90' lang='lat' dir='ltr'><strong>Lissum</strong></span> <span class='ocrx_word' id='word_1_214' title='bbox 2362 2756 2530 2817; x_wconf 91' lang='lat' dir='ltr'><strong>milia</strong></span> 
     </span>
     <span class='ocr_line' id='line_1_30' title="bbox 610 2837 2529 2919; baseline 0.001 -22"><span class='ocrx_word' id='word_1_215' title='bbox 610 2854 890 2916; x_wconf 87' lang='lat' dir='ltr'><strong>passuum</strong></span> <span class='ocrx_word' id='word_1_216' title='bbox 929 2850 1039 2906; x_wconf 89' lang='lat'><strong>111,</strong></span> <span class='ocrx_word' id='word_1_217' title='bbox 1093 2856 1164 2898; x_wconf 93' lang='lat' dir='ltr'><strong>eo</strong></span> <span class='ocrx_word' id='word_1_218' title='bbox 1216 2855 1397 2899; x_wconf 87' lang='lat' dir='ltr'><strong>naves</strong></span> <span class='ocrx_word' id='word_1_219' title='bbox 1435 2837 1892 2899; x_wconf 88' lang='lat' dir='ltr'><strong>introduxerunt</strong></span> <span class='ocrx_word' id='word_1_220' title='bbox 1929 2872 2016 2885; x_wconf 89' lang='lat'><em>-</em></span> <span class='ocrx_word' id='word_1_221' title='bbox 2055 2842 2162 2918; x_wconf 86' lang='lat' dir='ltr'><strong>qui</strong></span> <span class='ocrx_word' id='word_1_222' title='bbox 2203 2848 2412 2919; x_wconf 88' lang='lat' dir='ltr'><strong>portus</strong></span> <span class='ocrx_word' id='word_1_223' title='bbox 2451 2838 2529 2901; x_wconf 91' lang='lat' dir='ltr'><strong>ah</strong></span> 
     </span>
     <span class='ocr_line' id='line_1_31' title="bbox 608 2921 2529 3003; baseline 0.002 -21"><span class='ocrx_word' id='word_1_224' title='bbox 608 2922 809 2982; x_wconf 80' lang='lat' dir='ltr'><strong>Africo</strong></span> <span class='ocrx_word' id='word_1_225' title='bbox 852 2921 1195 3000; x_wconf 88' lang='lat' dir='ltr'><strong>tegebatur,</strong></span> <span class='ocrx_word' id='word_1_226' title='bbox 1240 2921 1314 2982; x_wconf 89' lang='lat' dir='ltr'><strong>ab</strong></span> <span class='ocrx_word' id='word_1_227' title='bbox 1344 2924 1561 2983; x_wconf 82' lang='lat' dir='ltr'><strong>Austro</strong></span> <span class='ocrx_word' id='word_1_228' title='bbox 1604 2940 1720 2982; x_wconf 89' lang='lat' dir='ltr'><strong>non</strong></span> <span class='ocrx_word' id='word_1_229' title='bbox 1764 2930 1891 2984; x_wconf 90' lang='lat' dir='ltr'><strong>erat</strong></span> <span class='ocrx_word' id='word_1_230' title='bbox 1918 2929 2082 2984; x_wconf 88' lang='lat' dir='ltr'><strong>tutus</strong></span> <span class='ocrx_word' id='word_1_231' title='bbox 2108 2956 2193 2967; x_wconf 92' lang='lat'><strong>—-</strong></span> <span class='ocrx_word' id='word_1_232' title='bbox 2221 2924 2529 3003; x_wconf 82' lang='lat' dir='ltr'><strong>leviusque</strong></span> 
     </span>
    </p>

    <p class='ocr_par' dir='ltr' id='par_1_9' title="bbox 557 3005 2531 3254">
     <span class='ocr_line' id='line_1_32' title="bbox 557 3005 2531 3086; baseline 0.004 -23"><span class='ocrx_word' id='word_1_233' title='bbox 557 3014 588 3063; x_wconf 81' lang='lat'><strong>5</strong></span> <span class='ocrx_word' id='word_1_234' title='bbox 611 3008 983 3085; x_wconf 88' lang='lat' dir='ltr'><strong>tempestatis</strong></span> <span class='ocrx_word' id='word_1_235' title='bbox 1025 3023 1202 3086; x_wconf 88' lang='lat' dir='ltr'><strong>quam</strong></span> <span class='ocrx_word' id='word_1_236' title='bbox 1232 3006 1439 3067; x_wconf 89' lang='lat' dir='ltr'><strong>classis</strong></span> <span class='ocrx_word' id='word_1_237' title='bbox 1469 3005 1800 3085; x_wconf 88' lang='lat' dir='ltr'><strong>periculum</strong></span> <span class='ocrx_word' id='word_1_238' title='bbox 1831 3010 2318 3069; x_wconf 87' lang='lat' dir='ltr'><strong>aestimaverunt.</strong></span> <span class='ocrx_word' id='word_1_239' title='bbox 2400 3007 2531 3080; x_wconf 87' lang='lat' dir='ltr'><strong>Quo</strong></span> 
     </span>
     <span class='ocr_line' id='line_1_33' title="bbox 608 3089 2528 3170; baseline 0.002 -20"><span class='ocrx_word' id='word_1_240' title='bbox 608 3089 964 3170; x_wconf 90' lang='lat' dir='ltr'><strong>simulatque</strong></span> <span class='ocrx_word' id='word_1_241' title='bbox 1005 3092 1166 3151; x_wconf 83' lang='lat' dir='ltr'><strong>intro</strong></span> <span class='ocrx_word' id='word_1_242' title='bbox 1208 3098 1302 3151; x_wconf 88' lang='lat' dir='ltr'><strong>est</strong></span> <span class='ocrx_word' id='word_1_243' title='bbox 1339 3092 1520 3160; x_wconf 91' lang='lat' dir='ltr'><strong>itum,</strong></span> <span class='ocrx_word' id='word_1_244' title='bbox 1574 3090 1914 3153; x_wconf 89' lang='lat' dir='ltr'><strong>incredibili</strong></span> <span class='ocrx_word' id='word_1_245' title='bbox 1968 3092 2253 3154; x_wconf 82' lang='lat' dir='ltr'><strong>felicitate</strong></span> <span class='ocrx_word' id='word_1_246' title='bbox 2292 3093 2528 3164; x_wconf 87' lang='lat' dir='ltr'><strong>Auster,</strong></span> 
     </span>
     <span class='ocr_line' id='line_1_34' title="bbox 612 3173 2138 3254; baseline 0 -19"><span class='ocrx_word' id='word_1_247' title='bbox 612 3176 714 3254; x_wconf 89' lang='lat' dir='ltr'><strong>qui</strong></span> <span class='ocrx_word' id='word_1_248' title='bbox 746 3193 855 3253; x_wconf 89' lang='lat' dir='ltr'><strong>per</strong></span> <span class='ocrx_word' id='word_1_249' title='bbox 887 3174 1134 3235; x_wconf 90' lang='lat' dir='ltr'><strong>biduum</strong></span> <span class='ocrx_word' id='word_1_250' title='bbox 1164 3173 1428 3243; x_wconf 85' lang='lat' dir='ltr'><strong>flaverat,</strong></span> <span class='ocrx_word' id='word_1_251' title='bbox 1462 3175 1524 3233; x_wconf 91' lang='lat' dir='ltr'><strong>in</strong></span> <span class='ocrx_word' id='word_1_252' title='bbox 1553 3175 1819 3235; x_wconf 75' lang='lat' dir='ltr'><strong>Africum</strong></span> <span class='ocrx_word' id='word_1_253' title='bbox 1850 3195 1911 3236; x_wconf 90' lang='lat' dir='ltr'><strong>se</strong></span> <span class='ocrx_word' id='word_1_254' title='bbox 1942 3178 2138 3236; x_wconf 84' lang='lat' dir='ltr'><strong>vertit.</strong></span> 
     </span>
    </p>

    <p class='ocr_par' dir='ltr' id='par_1_10' title="bbox 563 3256 2649 3507">
     <span class='ocr_line' id='line_1_35' title="bbox 563 3256 2529 3324; baseline 0.005 -11"><span class='ocrx_word' id='word_1_255' title='bbox 563 3267 586 3313; x_wconf 89' lang='lat'>1</span> <span class='ocrx_word' id='word_1_256' title='bbox 741 3257 974 3320; x_wconf 83' lang='lat' dir='ltr'><strong>xxvn.</strong></span> <span class='ocrx_word' id='word_1_257' title='bbox 1019 3258 1132 3318; x_wconf 92' lang='lat' dir='ltr'><strong>Hic</strong></span> <span class='ocrx_word' id='word_1_258' title='bbox 1155 3256 1428 3320; x_wconf 40' lang='lat' dir='ltr'><strong>,subitam</strong></span> <span class='ocrx_word' id='word_1_259' title='bbox 1470 3262 1990 3321; x_wconf 89' lang='lat' dir='ltr'><strong>commutationem</strong></span> <span class='ocrx_word' id='word_1_260' title='bbox 2021 3261 2295 3322; x_wconf 86' lang='lat' dir='ltr'><strong>fortunae</strong></span> <span class='ocrx_word' id='word_1_261' title='bbox 2325 3262 2529 3324; x_wconf 82' lang='lat' dir='ltr'><strong>videre</strong></span> 
     </span>
     <span class='ocr_line' id='line_1_36' title="bbox 611 3337 2649 3424; baseline 0.002 -22"><span class='ocrx_word' id='word_1_262' title='bbox 611 3343 798 3403; x_wconf 91' lang='lat' dir='ltr'><strong>licuit.</strong></span> <span class='ocrx_word' id='word_1_263' title='bbox 877 3340 990 3413; x_wconf 84' lang='lat' dir='ltr'><strong>Qui</strong></span> <span class='ocrx_word' id='word_1_264' title='bbox 1031 3341 1205 3402; x_wconf 92' lang='lat' dir='ltr'><strong>modo</strong></span> <span class='ocrx_word' id='word_1_265' title='bbox 1246 3341 1365 3402; x_wconf 92' lang='lat' dir='ltr'><strong>sihi</strong></span> <span class='ocrx_word' id='word_1_266' title='bbox 1408 3344 1760 3412; x_wconf 89' lang='lat' dir='ltr'><strong>timuerant,</strong></span> <span class='ocrx_word' id='word_1_267' title='bbox 1803 3344 1911 3405; x_wconf 93' lang='lat' dir='ltr'><strong>hos</strong></span> <span class='ocrx_word' id='word_1_268' title='bbox 1949 3346 2281 3406; x_wconf 88' lang='lat' dir='ltr'><strong>tutissimus</strong></span> <span class='ocrx_word' id='word_1_269' title='bbox 2321 3356 2532 3424; x_wconf 88' lang='lat' dir='ltr'><strong>portus</strong></span> <span class='ocrx_word' id='word_1_270' title='bbox 2648 3337 2649 3368; x_wconf 61' lang='lat'><em>³</em></span> 
     </span>
     <span class='ocr_line' id='line_1_37' title="bbox 611 3424 2530 3507; baseline 0.003 -22"><span class='ocrx_word' id='word_1_271' title='bbox 611 3424 977 3504; x_wconf 87' lang='lat' dir='ltr'><strong>recipiebat;</strong></span> <span class='ocrx_word' id='word_1_272' title='bbox 1021 3427 1126 3505; x_wconf 89' lang='lat' dir='ltr'><strong>qui</strong></span> <span class='ocrx_word' id='word_1_273' title='bbox 1157 3428 1382 3486; x_wconf 88' lang='lat' dir='ltr'><strong>nostris</strong></span> <span class='ocrx_word' id='word_1_274' title='bbox 1409 3425 1660 3487; x_wconf 89' lang='lat' dir='ltr'><strong>navibus</strong></span> <span class='ocrx_word' id='word_1_275' title='bbox 1688 3430 2018 3507; x_wconf 90' lang='lat' dir='ltr'><strong>periculum</strong></span> <span class='ocrx_word' id='word_1_276' title='bbox 2053 3430 2413 3499; x_wconf 88' lang='lat' dir='ltr'><strong>intulerant,</strong></span> <span class='ocrx_word' id='word_1_277' title='bbox 2456 3431 2530 3492; x_wconf 90' lang='lat' dir='ltr'><strong>de</strong></span> 
     </span>
    </p>

    <p class='ocr_par' dir='ltr' id='par_1_11' title="bbox 561 3508 2532 3670">
     <span class='ocr_line' id='line_1_38' title="bbox 561 3508 2532 3591; baseline 0.004 -22"><span class='ocrx_word' id='word_1_278' title='bbox 561 3519 720 3570; x_wconf 80' lang='lat' dir='ltr'><strong>2suo</strong></span> <span class='ocrx_word' id='word_1_279' title='bbox 753 3512 963 3570; x_wconf 87' lang='lat' dir='ltr'><strong>timere</strong></span> <span class='ocrx_word' id='word_1_280' title='bbox 995 3508 1384 3587; x_wconf 80' lang='lat' dir='ltr'><strong>cogebantur.</strong></span> <span class='ocrx_word' id='word_1_281' title='bbox 1459 3510 1660 3590; x_wconf 86' lang='lat' dir='ltr'><strong>ltaque</strong></span> <span class='ocrx_word' id='word_1_282' title='bbox 1690 3519 1957 3591; x_wconf 89' lang='lat' dir='ltr'><strong>tempore</strong></span> <span class='ocrx_word' id='word_1_283' title='bbox 1989 3522 2350 3575; x_wconf 83' lang='lat' dir='ltr'><strong>commutato</strong></span> <span class='ocrx_word' id='word_1_284' title='bbox 2382 3524 2532 3576; x_wconf 88' lang='lat' dir='ltr'><strong>tem-</strong></span> 
     </span>
     <span class='ocr_line' id='line_1_39' title="bbox 614 3594 2532 3670; baseline 0.005 -18"><span class='ocrx_word' id='word_1_285' title='bbox 614 3600 813 3670; x_wconf 66' lang='lat' dir='ltr'><strong>pestas</strong></span> <span class='ocrx_word' id='word_1_286' title='bbox 843 3602 903 3654; x_wconf 89' lang='lat' dir='ltr'><strong>et</strong></span> <span class='ocrx_word' id='word_1_287' title='bbox 926 3601 1166 3657; x_wconf 81' lang='lat' dir='ltr'><strong>nostros</strong></span> <span class='ocrx_word' id='word_1_288' title='bbox 1196 3594 1344 3655; x_wconf 83' lang='lat' dir='ltr'><strong>texit</strong></span> <span class='ocrx_word' id='word_1_289' title='bbox 1374 3602 1437 3655; x_wconf 88' lang='lat' dir='ltr'><strong>et</strong></span> <span class='ocrx_word' id='word_1_290' title='bbox 1464 3613 1644 3656; x_wconf 79' lang='lat' dir='ltr'><strong>naves</strong></span> <span class='ocrx_word' id='word_1_291' title='bbox 1676 3595 1932 3660; x_wconf 83' lang='lat' dir='ltr'><strong>Rhodias</strong></span> <span class='ocrx_word' id='word_1_292' title='bbox 1962 3599 2201 3667; x_wconf 81' lang='lat' dir='ltr'><strong>afflixit,</strong></span> <span class='ocrx_word' id='word_1_293' title='bbox 2247 3601 2332 3661; x_wconf 85' lang='lat' dir='ltr'><strong>ita</strong></span> <span class='ocrx_word' id='word_1_294' title='bbox 2361 3606 2431 3660; x_wconf 86' lang='lat' dir='ltr'><strong>ut</strong></span> <span class='ocrx_word' id='word_1_295' title='bbox 2457 3600 2532 3661; x_wconf 87' lang='lat' dir='ltr'><strong>ad</strong></span> 
     </span>
    </p>
   </div>
   <div class='ocr_carea' id='block_1_3' title="bbox 229 3885 598 4152">
    <p class='ocr_par' dir='ltr' id='par_1_12' title="bbox 229 3885 598 4152">
     <span class='ocr_line' id='line_1_40' title="bbox 229 3885 598 4152; baseline 0 -50"><span class='ocrx_word' id='word_1_296' title='bbox 229 3885 598 4152; x_wconf 47' lang='grc' dir='ltr'>Χ</span> 
     </span>
    </p>
   </div>
  </div>
 </body>
</html>
