2750 4255
620 284 731 349 84-
1274 287 1372 343 nn
1411 255 1642 343 Bm'o
1684 285 1905 343 crvm

618 452 960 533 legionibus
989 453 1335 516 Caesarem:
1375 458 1734 533 properaret
1762 451 1838 513 ad
1878 470 1943 513 se
1973 469 2111 513 cum
2143 452 2414 513 exercitu
2441 469 2544 512 ve·

566 547 599 595 2
621 541 752 601 nire
781 540 1096 617 omniaque
1124 543 1259 617 post
1290 534 1391 617 [ea
1419 533 1601 617 quae]
1648 535 1916 597 haberet.
1986 535 2097 597 His
2123 536 2343 597 litteris
2370 553 2547 598 acce-

617 626 756 703 ptis,
788 640 938 703 quos
965 623 1352 683 advocaverat
1366 666 1383 690 ,
1412 620 1685 690 dimittit:
1728 620 1859 700 ipse
1888 621 2011 680 iter
2040 622 2106 680 in
2133 620 2549 682 Macedoniam

617 725 834 788 parare
862 709 1076 787 incipit
1102 707 1426 785 paucisque
1455 710 1594 782 post
1619 701 1834 765 diebus
1862 711 1953 766 est
1992 704 2321 783 profectus.
2380 703 2549 764 Haec

620 810 722 853 res
748 790 1046 871 Ephesiae
1075 791 1365 870 pecuniae
1395 788 1647 850 salutem
1675 788 1890 849 attulit.

572 883 600 931 ι
746 874 1044 937 xxxnn.
1112 874 1330 935 Caesar
1356 872 1576 933 Antoni
1617 874 1888 934 exercitu
1928 872 2244 934 coniuncto
2288 871 2552 933 deducta

620 959 795 1021 Orico
833 960 1095 1036 legione,
1141 973 1314 1034 quam
1355 956 1613 1018 tuendae
1643 973 1785 1017 orae
1826 958 2177 1017 maritumae
2217 973 2396 1017 causa
2440 974 2553 1036 po-

624 1049 855 1113 suerat,
898 1041 1270 1121 temptandas
1300 1039 1418 1102 sihi
1457 1041 1792 1120 provincias
1830 1040 2182 1120 longiusque
2211 1039 2552 1119 proceden-

566 1134 599 1182 2
623 1127 762 1187 dum
794 1125 1201 1196 existimabam
1232 1132 1293 1185 et
1321 1142 1459 1186 cum
1487 1124 1561 1186 ad
1591 1142 1729 1185 eum
1758 1141 1831 1184 ex
1861 1124 2165 1185 Thessalia
2192 1124 2553 1204 Aetoliaque

618 1211 799 1288 legati
828 1213 1161 1281 venissent,
1203 1209 1304 1289 qui
1331 1208 1634 1289 praesidio
1663 1211 1848 1270 misso
1877 1208 2304 1289 pollicerentur
2333 1226 2555 1270 earum

620 1296 889 1373 gentium
911 1296 1183 1357 civitates
1210 1296 1502 1372 imperata
1530 1294 1808 1363 facturas,
1839 1292 1908 1353 L.
1926 1292 2194 1354 Cassium
2208 1292 2555 1370 Longinum

619 1397 755 1441 cum
805 1379 1041 1458 legione
1077 1380 1377 1449 tironum,
1430 1394 1582 1458 quae
1624 1375 2035 1457 appellabatur
2072 1389 2319 1447 xxvn„
2363 1385 2551 1456 atque

621 1463 925 1544 equitibus
954 1474 1038 1523 cc
1079 1464 1143 1522 in
1184 1460 1583 1532 Thessaliam,
1629 1462 1693 1522 C.
1726 1461 2041 1524 Calvisium
2080 1460 2365 1522 Sabinum
2405 1479 2552 1522 cum

621 1546 965 1608 cohortibus
991 1560 1040 1608 v
1068 1547 1395 1625 paucisque
1427 1543 1834 1624 equitibus0in
1865 1545 2156 1606 Aetoliam
2182 1545 2374 1616 misit3
2415 1563 2549 1607 ma-

620 1633 780 1691 xime
810 1648 932 1699 eos,
965 1628 1124 1709 quod
1154 1636 1326 1689 erant
1352 1631 1726 1708 propinquae
1748 1631 2045 1708 regiones,
2071 1629 2145 1690 de
2174 1647 2243 1690 re
2272 1630 2547 1691 frumen-

567 1721 600 1770 3
621 1714 773 1774 taria
813 1720 882 1773 ut
917 1711 1333 1793 providerent,
1375 1712 1649 1774 hortatus
1677 1721 1791 1774 est.
1864 1715 1970 1776 Cn.
2001 1713 2325 1782 Domitium
2352 1713 2545 1776 Calvi-

622 1815 766 1858 num
795 1815 933 1859 cum
960 1795 1301 1876 legionibus
1332 1796 1591 1868 duabus,
1633 1810 1730 1858 11.
1764 1805 1825 1859 et
1851 1811 2009 1869 xn„
2056 1806 2117 1859 et
2157 1797 2463 1876 equitibus
2492 1812 2545 1858 D

566 1889 603 1938 4
621 1884 686 1944 in
731 1882 1133 1944 Macedoniam
1173 1882 1471 1962 proficisci
1508 1882 1712 1954 iussit;
1764 1883 1932 1944 cuius
1969 1884 2311 1962 provinciae
2353 1881 2429 1943 ab
2474 1901 2546 1944 ea

619 1975 818 2046 parte,
870 1986 1024 2047 quae
1075 1965 1266 2028 libera
1318 1965 1752 2047 appellabatur,
1798 1966 2212 2037 MenedemuS,
2259 1969 2548 2047 princeps

621 2069 825 2113 earum
853 2052 1197 2131 regionum,
1241 2053 1461 2112 missus
1496 2051 1729 2130 legatus
1766 2052 2030 2112 omnium
2070 2068 2316 2112 suorum
2344 2050 2545 2112 excel-

628 2136 759 2199 lens
788 2137 1046 2198 studium
1075 2135 1487 2216 profitebatur.

573 2229 599 2277 1
750 2220 983 2283 XXXV.
1079 2219 1169 2280 Ex
1237 2219 1333 2281 his
1391 2220 1679 2282 Calvisius
1745 2222 1940 2301 primo
1998 2221 2254 2283 adventu
2310 2237 2545 2283 summa

618 2306 887 2365 omnium
914 2303 1255 2365 Aetolorum
1293 2309 1573 2384 receptus
1600 2305 1898 2367 voluntate
1915 2351 1931 2374 ,
1973 2306 2293 2384 praesidiis
2331 2305 2547 2367 adver-

621 2390 918 2449 sariorum
948 2387 1241 2466 Calydone
1273 2395 1333 2448 et
1360 2387 1667 2468 Naupacto
1707 2390 1956 2451 deiectis
1986 2392 2147 2450 omni
2175 2390 2405 2452 Aetolia
2432 2409 2545 2470 po-

563 2481 596 2529 2
618 2471 762 2532 titus
802 2476 912 2532 est.
982 2471 1223 2533 Cassius
1269 2474 1335 2533 in
1375 2472 1745 2535 Thessaliam
1784 2492 1920 2535 cum
1960 2474 2193 2551 legione
2243 2477 2544 2555 pervenit.

618 2555 732 2616 Hic
762 2573 899 2617 cum
927 2562 1126 2617 essent
1163 2556 1457 2619 factiones
1490 2558 1670 2630 duae,
1712 2560 1877 2619 varia
1906 2558 2206 2620 voluntate
2236 2560 2547 2620 civitatum

622 2638 937 2701 utebatur:
976 2639 1390 2718 Hegesaretos,
1424 2643 1640 2703 veteris
1668 2642 1843 2703 homo
1874 2644 2196 2722 potentiae,
2226 2642 2545 2722 Pompeia-

617 2724 713 2787 ὼ
738 2722 922 2785 rebus
968 2724 1272 2797 studebat;
1315 2726 1630 2796 Petraeus,
1674 2745 1938 2789 summae
1977 2726 2302 2789 nobilitatis
2343 2727 2545 2789 adole-

618 2825 807 2878 scenS,
842 2810 966 2870 suis
994 2828 1062 2871 ac
1093 2828 1334 2873 suorum
1364 2810 1582 2891 opibus
1610 2810 1922 2873 Caesarem
1951 2813 2120 2872 enixe
2149 2811 2411 2873 iuvabat.

569 2900 595 2949 ι
748 2893 1009 2955 XXXVI.
1095 2894 1440 2976 Eodemque
1486 2902 1754 2975 tempore
1805 2895 2099 2957 Domitius
2154 2898 2221 2957 in
2272 2897 2541 2958 Macedo—

616 2977 775 3039 niam
802 2980 998 3050 venit3
1041 2987 1102 3040 et
1143 2998 1279 3043 cum
1310 2981 1385 3043 ad
1417 2997 1553 3041 eum
1581 2981 1927 3060 frequentes
1956 2982 2262 3042 civitatum
2289 2982 2539 3059 legatio-

616 3080 726 3123 nes
753 3065 1073 3124 convenire
1115 3068 1485 3145 coepissent,
1527 3066 1866 3126 nuntiatum
1905 3073 2027 3136 est,
2069 3065 2276 3127 adesse
2307 3065 2540 3145 Scipio-

492 3213 495 3214 .
616 3164 754 3208 nem
795 3166 932 3208 cum
974 3148 1340 3226 legionibus,
1384 3166 1599 3226 magna
1638 3151 1917 3228 opinione
1951 3158 2012 3211 et
2052 3151 2208 3213 fama
2238 3152 2537 3212 omnium:

566 3238 596 3286 2
619 3248 757 3292 nam
787 3231 1141 3311 plerumque
1170 3234 1233 3292 in
1261 3234 1518 3294 novitate
1547 3231 1643 3296 oei
1671 3235 1827 3295 fama
1856 3236 2172 3297 antecedit.
2234 3236 2345 3297 Hic
2373 3236 2536 3296 nullo

613 3317 678 3377 in
726 3316 858 3377 loco
898 3315 1276 3377 Macedoniae
1319 3324 1585 3378 moratus
1621 3336 1840 3396 magno
1889 3322 2121 3399 impetu
2163 3321 2422 3382 tetendit
2461 3321 2536 3381 ad

612 3398 939 3461 Domitium
971 3407 1058 3469 et,
1105 3416 1240 3459 cum
1269 3400 1344 3461 ab
1375 3419 1447 3462 eo
1475 3402 1638 3464 milia
1676 3422 1961 3482 passuum
1989 3418 2089 3464 xx
2118 3406 2393 3477 afuisset,
2437 3423 2536 3465 su-

612 3482 740 3546 bito
782 3502 846 3544 se
889 3484 961 3544 ad
1005 3483 1273 3545 Cassium
1314 3486 1650 3565 Longinum
1700 3490 1765 3548 in
1806 3489 2176 3551 Thessaliam
2216 3491 2529 3552 convertit.

569 3566 741 3628 8Hoc
772 3567 918 3628 adeo
949 3568 1229 3630 celeriter
1257 3571 1431 3643 fecit,
1473 3579 1541 3633 ut
1568 3572 1744 3633 simul
1788 3573 1994 3635 adesse
2036 3582 2096 3635 et
2136 3578 2339 3637 venire
2381 3592 2532 3637 nun·

506 3963 515 3974 t

516 3995 539 4022 ιβ

524 4023 631 4150 k*
