2750 4255
698 295 925 353 COMM.
952 296 998 353 I.
1056 295 1211 353 CAP.
1235 294 1609 354 LXI—LXV.
2035 291 2117 358 31

321 461 555 526 LXIIII.
611 461 813 522 Prima
843 462 978 523 luce
1008 481 1082 523 ex
1116 462 1530 541 superioribus
1567 462 1742 531 locis,
1786 481 1937 542 quae
1968 463 2112 525 Cae·
2136 471 2167 521 1

189 548 350 607 saris
381 547 594 607 castris
622 553 793 606 erant
820 548 1168 616 coniuncta,
1212 546 1638 616 cernebantur,
1684 549 1981 625 equitatus
2014 566 2119 608 no·

191 631 309 692 stri
367 631 598 709 proelio
656 632 1012 690 novissimos
1038 626 1042 631 ’
1069 630 1308 691 illorum
1363 634 1560 711 premi
1616 631 2003 691 vehementer
2050 648 2119 690 ac

188 732 641 794 nonnumquam
657 716 954 775 sustinere
969 722 1301 776 extremum
1313 733 1527 794 agmen
1540 722 1715 794 atque
1738 716 2117 794 interrumpi,

191 799 344 859 alias
386 799 601 858 inferri
634 801 803 876 signa
833 806 895 859 et
933 801 1347 860 universarum
1366 800 1714 860 cohortium
1753 800 1986 878 impetu
2012 816 2118 859 no-

192 891 353 943 stros
380 882 657 962 propelli,
690 883 831 943 dein
858 900 1071 945 rursus
1099 901 1416 945 conversos
1443 884 1702 962 insequi.
1776 882 1945 943 Totis
1972 900 2116 943 vero
2135 890 2170 939 2

192 969 414 1027 castris
455 967 680 1027 milites
727 966 1005 1029 circulari
1063 973 1124 1027 et
1165 967 1401 1038 dolere,
1453 967 1687 1028 hostem
1726 985 1801 1028 ex
1842 965 2120 1027 manibus

194 1050 452 1118 dimitti,
496 1050 721 1111 bellum
749 1053 1091 1112 necessario
1118 1051 1355 1130 longius
1384 1052 1552 1123 duci,
1595 1053 1981 1112 centuriones
2010 1052 2121 1111 tri·

194 1133 508 1213 bunosque
538 1135 800 1195 militum
831 1136 997 1195 adire
1029 1142 1206 1214 atque
1238 1135 1577 1206 obsecrare,
1606 1142 1676 1196 ut
1702 1153 1814 1215 per
1842 1153 1947 1195 eos
1976 1134 2120 1195 Cae·

195 1237 300 1278 sar
340 1220 561 1278 certior
598 1219 799 1288 fieret,
841 1237 916 1280 ne
959 1219 1149 1280 labori
1189 1238 1296 1281 suo
1341 1238 1461 1280 neu
1501 1220 1768 1300 periculo
1811 1224 2117 1299 parceret:

193 1312 442 1382 paratos
481 1320 613 1363 esse
655 1320 819 1374 sese,
872 1321 1048 1382 posse
1090 1310 1153 1364 et
1192 1305 1412 1365 audere
1455 1323 1527 1373 ea
1574 1306 1833 1365 transire
1876 1303 2119 1372 flumen,

193 1405 316 1465 qua
346 1387 656 1447 traductus
685 1394 844 1447 esset
871 1390 1191 1467 equitatus·
1263 1386 1527 1458 Quorum
1557 1389 1756 1449 studio
1786 1394 1847 1448 et
1874 1386 2121 1448 vocibus
2140 1395 2174 1444 8

195 1472 496 1532 excitatns
520 1471 756 1542 Caesar,
788 1473 904 1532 etsi
936 1471 1180 1533 timebat
1209 1479 1411 1533 tantae
1434 1472 1828 1550 magnitudini
1858 1471 2124 1532 fluminis

196 1557 534 1615 exercitum
565 1554 836 1624 obicere,
881 1557 1212 1617 conandum
1255 1564 1458 1618 tamen
1488 1564 1665 1636 atque
1694 1555 2124 1635 experiendum

197 1639 446 1700 iudicat.
520 1638 727 1718 Itaque
769 1640 1132 1701 infirmiores
1161 1640 1385 1701 milites
1414 1659 1488 1701 ex
1527 1641 1805 1702 omnibus
1834 1640 2122 1701 centuriis
2142 1645 2176 1696 4

199 1722 383 1799 deligi
433 1722 634 1792 iubet,
689 1742 942 1803 quorum
985 1731 1086 1785 aut
1126 1731 1359 1788 animus
1407 1734 1509 1785 aut
1558 1727 1719 1786 vires
1768 1723 2123 1785 videbantur

197 1809 499 1867 sustinere
529 1826 648 1867 non
678 1826 874 1887 posse.
944 1808 1068 1869 Hos
1095 1827 1231 1870 cum
1270 1810 1507 1886 legione
1536 1827 1655 1870 una
1696 1808 1997 1889 praesidio
2025 1825 2121 1868 ca·
2144 1813 2175 1863 6

193 1892 346 1951 stris
385 1891 706 1969 relinquit;
759 1891 1025 1970 reliquas
1073 1891 1340 1970 legiones
1382 1893 1692 1971 expeditas
1744 1893 1945 1953 educit
2000 1909 2122 1952 ma-

197 1991 437 2053 gnoque
468 1991 720 2033 numero
749 1977 1156 2035 iumentorum
1183 1978 1247 2036 in
1277 1976 1523 2035 flumine
1552 1994 1729 2055 supra
1763 1983 1938 2054 atque
1969 1976 2122 2035 infra

198 2060 526 2119 constituto
554 2057 817 2119 traducit
845 2060 1198 2119 exercitum.
1255 2059 1439 2120 Pauci
1470 2077 1544 2120 ex
1571 2060 1667 2120 his
1693 2059 1989 2119 militibus
2017 2056 2121 2118 ab·
2143 2065 2177 2115 6

196 2145 357 2222 repti
402 2144 462 2203 vi
492 2142 757 2204 fluminis
787 2143 862 2204 ab
894 2146 1164 2224 equitatu
1192 2146 1575 2223 excipiuntur
1607 2162 1677 2205 ac
1707 2142 2122 2212 sublevantum

197 2229 413 2290 interit
440 2235 640 2288 tamen
670 2246 866 2289 nemo.
934 2227 1233 2289 Traducto
1277 2229 1568 2304 incolumi
1608 2230 1881 2289 exercitu
1922 2228 2126 2305 copias

197 2316 344 2374 inst1
361 2314 449 2372 uit
487 2312 906 2393 triplicemque
949 2315 1138 2374 aciem
1186 2314 1407 2374 ducere
1456 2315 1692 2393 incipit.
1763 2314 1847 2374 Ac
1893 2318 2123 2372 tantum
2145 2316 2177 2367 ’1

199 2397 319 2457 suit
347 2397 410 2455 in
440 2396 735 2458 militibus
764 2397 979 2467 studii,
1022 2405 1092 2459 ut
1130 2398 1361 2458 milium
1392 2415 1498 2458 sex
1527 2398 1600 2459 ad
1628 2400 1747 2458 iter
1776 2396 1977 2457 addito
2008 2398 2126 2456 cir-

201 2482 371 2540 cuitu
400 2497 730 2560 magnaque
763 2482 836 2543 ad
865 2482 1079 2542 vadum
1118 2481 1383 2543 fluminis
1415 2500 1578 2543 mora
1617 2483 1973 2561 interposita
2004 2498 2125 2551 eos,

202 2565 307 2645 qui
339 2562 413 2622 de
442 2567 620 2625 tertia
650 2565 854 2643 vigilia
883 2568 1178 2636 exissent,
1223 2573 1358 2628 ante
1386 2566 1598 2627 horam
1627 2566 1749 2627 diei
1778 2578 1955 2627 vnn.
1986 2582 2128 2625 con-

203 2656 621 2726 sequerentur.

332 2729 503 2791 LXV.
575 2731 734 2803 Quos
773 2732 878 2794 ubi
918 2735 1199 2795 Afranius
1248 2735 1460 2814 procul
1511 2737 1670 2796 visos
1710 2752 1847 2795 cum
1885 2733 2124 2794 Petreio
2149 2740 2177 2789 1

206 2816 545 2891 conspexit,
586 2835 738 2877 nova
768 2835 835 2877 re
877 2822 1237 2896 perterritus
1275 2819 1424 2880 locis
1467 2818 1878 2899 superioribus
1906 2819 2126 2878 consti·

209 2899 282 2956 tit
310 2897 616 2975 aciemque
646 2902 908 2961 instruit.
969 2903 1185 2963 Caesar
1213 2904 1277 2963 in
1300 2904 1527 2982 campis
1555 2904 1886 2964 exercitum
1913 2901 2124 2967 reficit,
2150 2907 2181 2956 2

208 2999 284 3041 ne
327 2980 625 3042 defessum
666 2983 896 3062 proelio
940 2983 1193 3056 obiciat;
1244 3003 1457 3046 rursus
1510 2992 1791 3047 conantes
1846 2983 2130 3063 progredi

210 3066 548 3142 insequitur
588 3073 648 3126 et
687 3074 975 3128 moratur.
1054 3068 1147 3129 Illi
1198 3071 1537 3129 necessario
1578 3070 1900 3138 maturiuS,
1953 3083 2129 3145 quam
2148 3074 2182 3123 3

211 3150 674 3220 constituerant,
720 3157 914 3211 castra
942 3162 1190 3232 ponunt.
1264 3152 1562 3214 Suberant
1591 3155 1750 3215 enim
1781 3158 2013 3213 montes
2042 3158 2129 3211 at·

211 3249 324 3312 que
367 3250 401 3293 a
443 3232 688 3295 milibus
729 3253 963 3313 passum
1004 3249 1052 3296 v
1091 3238 1311 3298 itinera
1352 3237 1623 3299 difficilia
1663 3245 1840 3317 atque
1881 3241 2129 3313 angusta

212 3315 604 3394 excipiebant.
664 3318 786 3379 Hos
808 3326 1039 3381 montes
1073 3323 1299 3382 intrare
1331 3321 1669 3402 cupiebant,
1701 3330 1769 3383 ut
1794 3322 2123 3401 equitatum
2148 3325 2182 3373 4

213 3399 544 3478 effugerent
584 3402 856 3464 Caesaris
905 3405 1344 3486 praesidiisque
1398 3409 1462 3468 in
1502 3407 1792 3486 angustiis
1831 3405 2129 3467 collocatis

214 3487 541 3545 exercitum
584 3487 806 3548 itinere
843 3489 1271 3567 prohiberent,
1314 3493 1433 3571 ipsi
1473 3494 1601 3552 sine
1642 3489 1913 3571 periculo
1953 3509 2022 3551 ac
2052 3490 2163 3550 ti·-

213 3586 377 3630 more
407 3568 703 3632 Hiberum
731 3574 932 3652 copias
961 3574 1360 3637 traducerent.
1423 3575 1590 3647 Quod
1620 3577 1736 3638 fuit
1762 3576 1880 3637 illis
1908 3592 2125 3636 conan-
2148 3579 2181 3629 ⁵
