2750 4255
707 302 935 361 comi.
962 303 1034 359 11.
1077 301 1232 360 CAP.
1257 302 1665 362 XXI—XXV.
2065 295 2158 365 55

205 466 546 530 adventum
573 469 642 531 L.
674 467 892 531 Caesar
929 470 1088 532 filius
1130 488 1267 531 cum
1296 482 1346 529 x
1384 469 1579 546 longis
1621 467 1874 530 navibus
1913 469 1988 531 ad
2017 469 2153 531 Clu·

204 571 404 633 peam
426 552 822 632 praestolans,
868 572 1016 635 quas
1044 572 1227 615 naves
1260 553 1464 614 Uticae
1495 571 1570 613 ex
1596 552 1963 631 praedonum
1993 552 2151 615 bello

205 636 553 699 subductas
580 637 647 698 P.
676 640 873 703 Attius
912 636 1267 700 reficiendas
1307 636 1488 698 huius
1517 636 1663 697 belli
1692 654 1870 698 causa
1908 654 2150 698 curave·

206 729 348 790 rat,
398 724 623 784 veritus
652 724 891 785 navium
929 720 1373 784 multitudinem
1406 740 1478 783 ex
1520 718 1638 780 alto
1667 722 2001 797 refugerat,
2048 720 2149 781 ad-

207 804 526 885 pulsaque,
547 805 619 866 ad
648 809 987 885 proximum
1013 806 1156 867 litus
1184 807 1433 867 trireme
1463 811 1763 865 constrata
1793 806 1945 865 etin
1972 803 2149 865 litore

207 888 441 950 relicta
481 889 738 967 pedibus
777 890 1166 952 Adrumetum
1208 890 1574 970 perfugerat.
1650 888 1720 951 ld
1762 888 2044 967 oppidum
2085 888 2147 950 C.
2168 898 2204 946 4

207 971 549 1035 Considius
575 973 815 1052 Longus
858 976 1038 1035 unius
1062 974 1317 1052 legionis
1345 973 1646 1054 praesidio
1674 971 1977 1035 tuebatur.
2035 972 2151 1033 Re·

208 1055 427 1136 liquae
468 1057 742 1121 Caesaris
785 1076 967 1120 naves
1019 1060 1151 1118 eius
1188 1058 1329 1135 fuga
1367 1075 1434 1117 se
1476 1057 1863 1118 Adrumetum
1902 1074 2150 1136 recepe-

209 1147 388 1202 runt.
448 1141 620 1203 Hunc
649 1150 890 1204 secutus
916 1140 1175 1203 Marcius
1202 1141 1394 1202 Rufus
1431 1147 1713 1221 quaestor
1741 1140 1992 1201 navibus
2020 1153 2147 1210 xn,
2170 1148 2204 1199 5

211 1243 376 1304 quas
413 1225 717 1305 praesidio
760 1227 1056 1287 onerariis
1085 1224 1337 1285 navibus
1365 1224 1546 1287 Curio
1575 1243 1649 1285 ex
1680 1224 1885 1285 Sicilia
1928 1225 2148 1286 eduxe-

212 1316 317 1370 rat
331 1355 350 1378 ,
401 1319 717 1389 postquam
754 1312 821 1371 in
849 1310 1023 1371 litore
1053 1309 1321 1371 relictam
1360 1327 1573 1369 navem
1612 1308 1948 1387 conspexit,
1997 1308 2151 1369 hanc

214 1392 491 1454 remulce
522 1393 842 1464 abstraxit3
888 1397 1019 1473 ipse
1049 1392 1124 1454 ad
1153 1392 1474 1455 Curionem
1504 1411 1641 1454 cum
1668 1392 1855 1453 classe
1885 1391 2064 1453 redit.

350 1477 592 1539 XXIIII.
661 1479 842 1541 Curio
881 1477 1166 1540 Marcium
1205 1477 1436 1539 Uticam
1483 1475 1735 1537 navibus
1783 1477 2145 1555 praemittit;
2170 1486 2198 1534 1

214 1563 357 1640 ipse
388 1561 596 1622 eodem
630 1580 767 1623 cum
795 1565 1063 1624 exercitu
1094 1563 1495 1642 proficiscitur
1535 1559 1820 1639 biduique
1861 1562 1982 1621 iter
2010 1577 2148 1640 pro-

214 1662 466 1722 gressus
506 1646 579 1708 ad
621 1645 844 1707 flumen
873 1646 1207 1724 Bagradam
1246 1648 1542 1725 pervenit.
1613 1644 1707 1706 Ibi
1735 1644 1800 1707 C.
1833 1643 2148 1706 Caninium
2195 1653 2230 1702 2

213 1728 502 1790 Rebilum
530 1729 789 1808 legatum
819 1748 955 1792 cum
978 1729 1316 1808 legionibus
1338 1731 1616 1809 reliquit3
1648 1731 1779 1808 ipse
1811 1747 1947 1790 cum
1978 1730 2148 1808 equi·

217 1820 353 1874 tatu
396 1814 699 1875 antecedit
738 1814 812 1875 ad
842 1813 1050 1876 Castra
1082 1813 1442 1893 exploranda
1471 1813 1852 1882 Corneliana,
1895 1813 2053 1891 quod
2095 1815 2149 1873 is

217 1897 388 1957 Iocus
427 1897 788 1976 peridoneus
815 1900 1029 1958 castris
1054 1895 1409 1958 habebatur.
1478 1896 1546 1956 Id
1578 1903 1774 1956 autem
1814 1903 1906 1956 est
1938 1899 2145 1972 iugum
2166 1904 2201 1953 3

221 1981 521 2042 directum
551 1982 823 2041 eminens
850 1982 915 2040 in
942 1998 1141 2057 mare,
1172 1987 1425 2058 utraque
1456 1997 1530 2040 ex
1557 1986 1730 2057 parte
1760 1986 2149 2057 praeruptum

222 2072 400 2145 atque
443 2082 748 2146 asperum,
804 2064 910 2125 sed
948 2071 1150 2125 tamen
1189 2063 1365 2143 paulo
1412 2063 1640 2123 leniore
1681 2062 1919 2140 fastigio
1961 2061 2035 2122 ab
2078 2080 2148 2124 ea

222 2156 424 2229 parte,
467 2167 620 2230 quae
662 2150 736 2211 ad
765 2148 1002 2211 Uticam
1040 2150 1253 2225 vergit.
1315 2146 1502 2209 Abest
1541 2147 1770 2209 directo
1810 2148 2029 2207 itinere
2070 2146 2144 2208 ab
2166 2155 2203 2205 4

223 2234 395 2295 Utica
435 2234 612 2313 paulo
654 2233 908 2313 amplius
948 2251 1162 2314 passus
1201 2231 1385 2293 mille.
1475 2231 1593 2292 Sed
1632 2230 1746 2291 hoc
1796 2231 2016 2290 itinere
2057 2237 2151 2292 est

226 2319 387 2388 fonS,
428 2336 547 2398 quo
589 2336 752 2381 mare
794 2318 1064 2379 succedit
1101 2317 1365 2394 longius,
1408 2316 1642 2396 lateque
1683 2317 1737 2375 is
1763 2314 1931 2375 locus
1958 2322 2148 2376 resta·

227 2410 396 2478 gnat:
441 2420 616 2481 quem
646 2405 698 2465 si
726 2405 834 2482 qui
861 2405 1048 2463 vitare
1078 2400 1360 2471 voluerit,
1404 2418 1510 2461 sex
1539 2395 1768 2460 milium
1798 2401 2056 2461 circuitu
2083 2400 2148 2460 in

229 2485 508 2566 oppidum
538 2489 831 2565 pervenit.

350 2568 527 2631 XXV.
614 2571 741 2632 Hoc
790 2570 1095 2651 explorato
1150 2570 1280 2631 loco
1332 2569 1512 2632 Curio
1563 2576 1755 2630 castra
1804 2568 1945 2630 Vari
2005 2586 2144 2629 con·
2169 2576 2200 2625 ι

232 2655 407 2733 spicit
434 2672 607 2714 muro
636 2654 975 2735 oppidoque
1004 2656 1324 2716 coniuncta
1353 2653 1429 2713 ad
1457 2659 1719 2731 portam,
1761 2671 1912 2732 quae
1945 2651 2146 2733 appel·

232 2738 386 2799 latur
414 2736 657 2808 bellica,
689 2737 1007 2800 admodum
1033 2740 1263 2799 munita
1291 2744 1506 2798 natura
1533 2735 1681 2807 loci,
1726 2754 1842 2797 una
1873 2755 1945 2798 ex
1976 2745 2147 2816 parte

238 2823 364 2901 ipso
394 2822 614 2900 oppido
644 2821 850 2893 Utica,
895 2822 1079 2884 altera
1108 2839 1143 2882 a
1170 2822 1439 2891 theatro,
1482 2820 1639 2898 quod
1683 2828 1775 2881 est
1798 2830 1934 2882 ante
1975 2821 2146 2899 oppi-

237 2906 388 2975 dum,
412 2903 952 2966 substructionibus
974 2907 1103 2965 eius
1126 2906 1327 2986 operis
1347 2906 1641 2973 maximis,
1668 2904 1834 2964 aditu
1855 2903 1928 2963 ad
1952 2912 2148 2964 castra

236 2989 461 3051 difficili
501 2996 561 3050 et
601 2997 870 3066 angusto.
959 2988 1149 3049 Simul
1176 2987 1625 3056 animadvertit,
1666 2986 1852 3047 multa
1881 2986 2144 3066 undique
2164 2995 2199 3044 2

237 3075 452 3153 portari
482 3080 658 3153 atque
688 3076 784 3150 agi
810 3073 1171 3152 plenissimis
1200 3074 1329 3141 viis,
1361 3088 1512 3151 quae
1541 3070 1840 3151 repentini
1861 3071 2149 3132 tumultus

238 3160 443 3219 timore
486 3176 558 3218 ex
599 3159 762 3234 agris
800 3159 863 3217 in
903 3155 1117 3218 urbem
1156 3156 1560 3217 conferantur.
1647 3154 1777 3215 Huc
1817 3156 2144 3233 equitatum
2164 3161 2198 3210 3

239 3244 441 3312 mittit,
488 3250 554 3303 ut
595 3240 888 3320 diriperet
916 3249 1090 3320 atque
1119 3239 1372 3301 haberet
1407 3239 1538 3299 Ioco
1576 3237 1866 3318 praedae;
1909 3238 2146 3299 eodem-

241 3344 346 3405 que
385 3333 653 3406 tempore
693 3324 790 3386 his
830 3326 1013 3386 rebus
1042 3323 1313 3385 subsidio
1341 3334 1437 3383 Dc
1478 3321 2030 3404 equites‘Numidae
2073 3341 2148 3384 ex

243 3410 446 3489 oppido
484 3409 837 3490 peditesque
879 3420 1048 3470 cccc
1088 3409 1409 3469 mittuntur
1452 3426 1486 3468 a
1524 3408 1706 3478 Varo,
1750 3425 1899 3487 quos
1940 3407 2145 3468 auxilii

241 3511 403 3554 causa
429 3512 538 3556 rex
566 3493 713 3555 Iuba
740 3496 947 3573 paucis
976 3490 1190 3554 diebus
1233 3499 1367 3553 ante
1398 3492 1634 3554 Uticam
1662 3493 1928 3554 miserat.
1985 3491 2140 3552 Huic
2163 3499 2200 3549 4

241 3584 299 3638 et
330 3585 640 3658 paternum
689 3578 1015 3659 hospitium
1066 3595 1203 3638 cum
1253 3577 1535 3657 Pompeio
1588 3583 1649 3638 et
1692 3576 1958 3638 simultas
2010 3593 2148 3637 cum
