2750 4255
590 314 818 370 COMM.
847 314 944 370 111.
999 314 1153 370 CAP.
1182 313 1833 369 LXXXVI—LXXXXI.
2053 309 2174 372 111

241 481 574 561 Pompeius
605 478 1001 541 existimabat.
1054 479 1335 558 Reliquas
1364 481 1526 539 inter
1548 481 1735 540 aciem
1761 479 2018 540 mediam
2042 497 2176 541 cor·

241 584 490 644 nuaque
533 566 917 625 interiecerat
953 581 1319 642 numeroque
1361 564 1637 624 cohortes
1678 575 1766 624 cx
1812 564 2172 644 expleverat.

243 651 413 711 Haec
444 657 617 710 erant
646 648 813 710 milia
842 661 1001 719 XLV,
1044 655 1421 708 evocatorum
1460 650 1705 708 circiter
1735 648 1869 718 duc,
1915 667 2065 728 quae
2097 667 2170 709 ex
2191 656 2232 705 5

242 734 656 795 beneficiariis
678 734 1056 811 superiorum
1082 734 1453 792 exercituum
1478 732 1549 792 ad
1581 750 1716 791 eum
1741 739 2172 804 convenerant3

243 836 402 898 quae
435 824 555 878 tota
572 819 696 879 acie
713 817 1102 896 disperserat.
1147 816 1427 895 Reliquas
1458 816 1721 876 cohortis
1742 828 1845 876 vn
1875 819 1938 877 in
1962 819 2176 878 castris

243 904 725 983 propinquisque
767 901 1025 961 castellis
1065 900 1365 979 praesidio
1415 901 1813 979 disposuerat.
1887 901 2231 961 Dextrum&

245 1004 440 1047 cornu
472 989 605 1046 eius
635 988 799 1046 rivus
829 985 1072 1065 quidam
1105 984 1411 1063 impeditis
1440 986 1594 1062 ripis
1625 983 1965 1055 muniebat3
1998 1004 2175 1063 quam

245 1070 326 1131 ob
359 1088 597 1131 causam
632 1078 909 1130 cunctum
941 1071 1296 1147 equitatum,
1345 1070 1685 1146 sagittarios
1726 1068 2174 1149 funditoresque

244 1173 458 1215 omnes
488 1156 732 1214 sinistro
764 1171 949 1214 cornu
980 1152 1302 1213 obiecerat.

376 1237 765 1299 LXXXVIIII.
848 1238 1064 1298 Caesar
1106 1238 1384 1316 superius
1423 1238 1761 1297 institutum
1820 1256 2062 1298 servans
2102 1252 2168 1298 x.
2195 1247 2227 1296 1

244 1323 548 1401 legionem
577 1324 638 1381 in
672 1321 880 1382 dextro
910 1339 1115 1391 cornu,
1147 1338 1367 1381 nonam
1398 1322 1460 1380 in
1493 1322 1739 1381 sinistro
1764 1322 2171 1392 collocaverat,

245 1408 487 1468 tametsi
519 1413 649 1466 erat
678 1405 1110 1485 Dyrrhachinis
1138 1405 1389 1484 proeliis
1419 1404 1805 1465 vehementer
1838 1405 2171 1477 adtenuata,

247 1500 312 1552 et
339 1492 481 1551 huic
512 1493 600 1550 sic
631 1491 902 1551 adiunxit
932 1497 1228 1556 octavam,
1272 1495 1337 1547 ut
1378 1506 1565 1567 paene
1610 1506 1786 1549 unam
1830 1506 1903 1549 ex
1944 1489 2175 1551 duabus

249 1577 544 1644 efficeret,
607 1582 781 1654 atque
833 1574 1076 1635 alteram
1130 1573 1303 1633 alteri
1353 1572 1655 1651 praesidio
1707 1591 1838 1634 esse
1895 1574 2171 1634 iusserat.

249 1659 535 1721 Cohortes
566 1661 629 1718 in
662 1661 788 1719 acie
820 1671 1013 1718 Lxxx
1043 1659 1397 1717 constitutas
1428 1655 1715 1726 habebat,
1762 1675 1911 1737 quae
1942 1676 2170 1719 summa
2193 1668 2230 1716 2

250 1753 380 1804 erat
421 1743 653 1803 milium
695 1756 883 1813 xxn;
926 1742 1203 1802 cohortes
1243 1742 1391 1801 duas
1434 1743 1645 1802 castris
1686 1742 1988 1821 praesidio
2028 1743 2170 1803 reli-

249 1834 481 1908 querat.
536 1827 792 1887 Sinistro
823 1844 1009 1888 cornu
1032 1827 1370 1894 Antonium,
1399 1824 1608 1885 dextro
1626 1825 1693 1886 P.
1709 1826 1948 1896 Sullam,
1973 1827 2168 1888 media
2190 1837 2228 1884 8

249 1914 378 1972 acie
412 1911 518 1971 Cn.
545 1910 867 1970 Domitium
896 1917 1344 1989 praeposuerat.
1418 1909 1553 1988 lpse
1585 1916 1791 1970 contra
1821 1910 2172 1989 Pompeium

249 1995 543 2055 constitit.
606 1993 793 2053 Simul
823 1994 918 2055 his
946 1993 1128 2055 rebus
1158 1993 1601 2064 animadversis
1628 2012 1773 2074 quas
1803 1994 2170 2055 demonstra·
2191 2003 2233 2052 4

247 2081 463 2147 vimus,
496 2079 732 2147 timens,
775 2095 849 2138 ne
882 2097 914 2138 a
943 2078 1325 2139 multitudine
1367 2080 1637 2158 equitum
1679 2078 1948 2140 dextrum
1986 2097 2174 2140 cornu

250 2164 819 2231 circumveniretur,
866 2163 1147 2223 celeriter
1178 2181 1252 2222 ex
1290 2165 1470 2223 tertia
1511 2165 1639 2223 acie
1669 2164 1932 2241 singulas
1961 2163 2171 2225 cohor-

246 2256 343 2309 tes
387 2246 650 2317 detraxit
691 2252 866 2324 atque
899 2265 972 2305 ex
1014 2246 1108 2305 his
1151 2253 1420 2326 quartam
1461 2248 1725 2307 instituit
1766 2249 2172 2328 equitatuique

250 2332 531 2410 opposuit
560 2339 636 2399 et,
662 2331 806 2409 quid
837 2331 970 2390 lieri
995 2330 1187 2400 vellet,
1221 2331 1481 2393 ostendit
1500 2334 1867 2410 monuitque,
1894 2334 2022 2392 eius
2052 2332 2173 2393 diei

247 2416 561 2475 victoriam
595 2416 669 2473 in
713 2432 916 2474 earum
957 2413 1291 2474 cohortium
1346 2415 1561 2477 virtute
1603 2424 1898 2477 constare.
1980 2414 2168 2478 Simul
2191 2424 2233 2474 ὃ

250 2501 464 2561 tertiae
494 2498 649 2558 aciei
689 2500 921 2577 totique
965 2500 1255 2557 exercitui
1291 2499 1638 2578 imperavit,
1682 2518 1758 2560 ne
1799 2503 2034 2562 iniussu
2064 2519 2173 2563 suo

247 2588 669 2645 concurreret:
741 2600 836 2652 se,
882 2600 1018 2641 cum
1049 2581 1112 2641 id
1142 2583 1272 2642 fieri
1304 2584 1513 2655 vellet,
1557 2584 1771 2646 vexillo
1802 2587 2037 2663 signum
2069 2586 2171 2646 da·

247 2678 469 2730 turum.

366 2750 664 2813 Lxxxx.
733 2750 1077 2812 Exercitum
1119 2769 1256 2812 cum
1294 2752 1542 2814 militari
1583 2771 1750 2814 more
1794 2753 1864 2813 ad
1910 2770 2169 2833 pugnam
2193 2763 2230 2813 ι

248 2835 660 2896 cohortaretur
712 2852 934 2913 suaque
992 2837 1055 2895 in
1108 2854 1241 2895 eum
1302 2838 1578 2915 perpetui
1636 2839 1927 2916 temporis
1976 2838 2172 2899 officia

249 2919 655 3000 praedicaret,
698 2920 977 2997 inprimis
1008 2922 1522 2990 commemoravit,
1569 2920 1826 2981 testibus
1858 2937 1923 2982 se
1967 2920 2171 2981 militi·

250 3004 365 3065 bus
405 3005 493 3063 uti
535 3020 738 3082 posse,
792 3009 1014 3080 quanto
1054 3002 1252 3063 studio
1293 3022 1501 3081 pacem
1543 3007 1821 3083 petisset,
1866 3022 2017 3084 quae
2062 3023 2176 3083 per

248 3088 548 3148 Vatinium
577 3088 640 3146 in
671 3084 1003 3165 colloquiis,
1036 3105 1188 3165 quae
1218 3105 1328 3165 per
1348 3087 1563 3148 Aulum
1577 3087 1846 3149 Clodium
1876 3106 2008 3148 cum
2044 3088 2172 3150 Sci·

250 3172 428 3250 pione
460 3172 709 3248 egisset,
753 3169 970 3249 quibus
1010 3170 1204 3231 modis
1245 3170 1319 3231 ad
1363 3171 1606 3232 Oricum
1651 3191 1787 3233 cum
1826 3172 2051 3234 Libone
2097 3173 2174 3235 de

252 3255 560 3316 mittendis
598 3252 813 3330 legatis
854 3254 1273 3315 contendisset.
1344 3253 1551 3334 Neque
1588 3274 1652 3317 se
1693 3275 1973 3335 umquam
2005 3255 2234 3318 abutiz

249 3338 504 3400 militum
532 3339 826 3416 sanguine
869 3355 1062 3417 neque
1103 3337 1535 3417 rempublicam
1578 3340 1864 3401 alterutro
1902 3343 2173 3403 exercitu

248 3424 485 3502 privare
515 3423 793 3484 voluisse.
867 3421 990 3482 Hac
1031 3420 1234 3482 habita
1264 3425 1535 3484 oratione
1566 3424 2026 3502 exposcentibus
2055 3428 2166 3492 mi·
2186 3434 2232 3484 3·

249 3505 458 3567 litibus
487 3514 548 3567 et
577 3507 771 3568 studio
800 3524 1034 3586 pugnae
1072 3506 1424 3568 ardentibus
1455 3506 1599 3568 tuba
1630 3510 1867 3586 signum
1898 3508 2083 3570 dedit.

371 3590 684 3653 LXXXXI.
754 3591 899 3653 Erat
941 3590 1247 3653 Crastinus
1289 3599 1569 3652 evocatus
1608 3593 1671 3653 in
1718 3594 1986 3653 exercitu
2022 3594 2166 3655 Cae·
2190 3604 2225 3653 2
