2750 4255
580 268 807 324 COMM.
837 267 934 324 111.
978 266 1131 322 CAP.
1152 266 1743 324 XXXVII—XXXXI.
2043 261 2129 327 87

316 433 559 498 ΧΧΧΧ.
635 433 865 504 Quibus
908 435 1163 511 cognitis
1204 432 1390 495 rebus
1435 433 1540 495 Cn.
1574 433 1891 512 Pompeius
1941 433 2118 506 filius,
2146 444 2172 493 1

187 523 298 600 qui
342 521 517 582 classi
548 519 873 598 Aegyptiae
915 524 1220 597 praeerat,
1264 518 1337 578 ad
1368 516 1614 579 Oricum
1653 518 1814 578 venit
1854 517 2124 580 submer-

188 623 441 684 samque
497 605 697 665 navim
753 603 1017 663 remulco
1076 602 1397 681 multisque
1457 601 1824 663 contendens
1882 601 2127 664 funibus

187 688 438 750 adduxit
469 695 646 768 atque
678 687 926 748 alteram
955 704 1197 756 navem,
1241 704 1394 765 quae
1426 693 1555 746 erat
1584 686 1658 747 ad
1687 686 2017 747 custodiam
2048 687 2124 747 ab

185 773 385 835 Acilio
422 773 645 853 posita,
686 770 962 850 pluribus
1002 771 1317 848 adgressus
1355 769 1640 840 navibus,
1682 772 1749 830 in
1791 770 2010 849 quibus
2050 771 2125 831 ad

184 856 414 920 libram
445 858 672 920 fecerat
701 861 920 925 turres,
965 862 1032 916 ut
1061 872 1134 915 ex
1164 856 1474 933 superiore
1504 872 1776 934 pugnans
1806 855 1938 915 loco
1969 857 2122 916 inte-

185 959 455 1021 grosque
487 957 727 1018 semper
757 940 1096 1016 defatigatis
1137 940 1516 999 summittens
1548 945 1610 999 et
1640 939 1896 1017 reliquis
1936 941 2123 1019 parti-

185 1025 309 1086 bus
331 1025 507 1086 simul
529 1040 604 1085 ex
622 1030 788 1084 terra
810 1023 983 1084 scalis
1008 1031 1068 1084 et
1097 1023 1285 1083 classe
1310 1024 1546 1083 moenia
1568 1024 1773 1102 oppidi
1805 1031 2121 1103 temptanS,

184 1111 283 1170 uti
315 1109 796 1169 adversariorum
825 1125 1035 1168 manus
1065 1107 1395 1176 diduceret,
1426 1106 1630 1167 labore
1656 1115 1715 1168 et
1743 1109 2122 1169 multitudine

185 1193 449 1254 telorum
479 1199 717 1253 nostros
736 1194 900 1261 vicit,
924 1191 1287 1270 deiectisque
1313 1190 1746 1261 defensoribuS‚
1780 1195 1882 1271 qui
1912 1211 2118 1254 omnes
2141 1201 2175 1249 2

190 1277 437 1356 scaphis
464 1279 696 1355 excepti
726 1277 1091 1352 refugerant,
1115 1293 1244 1335 eam
1267 1292 1476 1335 navem
1500 1278 1856 1354 expugnavit
1886 1276 2124 1337 eodem-

185 1379 310 1441 que
333 1368 606 1440 tempore
631 1379 706 1421 ex
733 1360 917 1421 altera
939 1367 1107 1438 parte
1132 1358 1346 1419 molem
1368 1360 1563 1419 tenuit
1584 1359 1935 1420 naturaliter
1958 1359 2123 1420 obie-

189 1453 371 1515 ctam,
404 1463 556 1525 quae
595 1444 1042 1524 paeneinsulam
1084 1443 1369 1522 oppidum
1400 1443 1697 1512 effecerat,
1729 1450 2126 1522 quattuorque

188 1529 461 1590 biremes
490 1528 776 1590 subiectis
808 1527 1057 1589 scutulis
1100 1525 1398 1607 [inpulsas
1425 1525 1725 1607 vectibus]
1770 1530 1834 1588 in
1874 1529 2123 1589 interio-

187 1632 323 1675 rem
351 1619 588 1692 partem
615 1612 898 1674 traduxit.
971 1611 1060 1672 Ita
1092 1630 1165 1671 ex
1194 1619 1447 1690 utraque
1487 1619 1655 1690 parte
1698 1631 1879 1672 naves
1915 1613 2122 1690 longas
2141 1622 2175 1668 3

188 1698 544 1776 adgressus,
592 1715 743 1777 quae
787 1703 958 1756 erant
986 1695 1273 1773 deligatae
1305 1697 1378 1757 ad
1424 1703 1645 1756 terram
1678 1703 1853 1775 atque
1894 1699 2121 1768 inanes,

185 1795 305 1843 1111
335 1800 409 1842 ex
437 1782 536 1842 his
565 1780 839 1851 abduxit,
883 1780 1146 1858 reliquas
1185 1779 1473 1840 incendit.
1546 1779 1672 1839 Hoc
1715 1782 1987 1841 confecto
2016 1800 2120 1841 ne·
2143 1790 2179 1836 4

186 1867 354 1945 gotio
395 1865 468 1925 D.
497 1864 768 1925 Laelium
820 1863 893 1924 ab
935 1864 1193 1925 Asiatica
1246 1863 1432 1923 classe
1478 1863 1799 1923 abductum
1850 1864 2121 1942 reliquit,

186 1952 300 2030 qui
345 1954 709 2009 commeatus
749 1947 980 2008 Bullide
1030 1955 1204 2026 atque
1246 1947 1519 2007 Amantia
1568 1949 1863 2024 inportari
1915 1950 1977 2007 in
2019 1966 2121 2026 op·

186 2034 404 2116 pidum
443 2030 820 2112 prohibebat.
895 2031 1030 2111 Ipse
1064 2031 1299 2092 Lissum
1338 2031 1643 2109 profectus
1687 2049 1868 2091 naves
1909 2049 2125 2092 onera·
2141 2040 2175 2089 5

190 2121 320 2180 rias
361 2132 511 2178 xxx
554 2137 586 2179 a
626 2115 706 2178 M.
737 2117 994 2179 Antonio
1035 2115 1280 2177 relictas
1320 2116 1481 2176 intra
1531 2123 1767 2195 portum
1808 2133 2125 2193 aggressus

191 2221 401 2265 omnes
430 2203 731 2273 incendit;
763 2202 999 2262 Lissum
1031 2218 1372 2280 expugnare
1396 2208 1640 2261 conatus
1663 2199 2124 2260 defendentihus

190 2286 429 2348 civibus
457 2287 757 2357 Romanis,
790 2288 894 2364 qui
925 2285 1053 2346 eius
1081 2291 1406 2346 conventus
1450 2292 1648 2356 erant,
1693 2284 2123 2365 militibusque,

191 2389 347 2452 quos
396 2370 681 2451 praesidii
729 2386 906 2430 causa
949 2372 1199 2430 miserat
1240 2369 1487 2440 Caesar,
1542 2371 1806 2431 triduum
1856 2378 2126 2431 moratus

189 2460 405 2540 paucis
446 2459 512 2518 in
542 2457 985 2536 oppugnatione
1029 2454 1264 2516 amissis
1292 2472 1358 2514 re
1389 2455 1614 2515 infecta
1654 2455 1794 2515 inde
1826 2453 2124 2516 discessit.

322 2540 590 2604 XXXXI.
643 2541 881 2609 Caesar,
913 2546 1227 2618 postquam
1249 2538 1598 2617 Pompeium
1630 2539 1704 2599 ad
1726 2541 2118 2618 Asparagium
2144 2548 2172 2597 1

189 2645 326 2690 esse
358 2628 665 2704 cognovit,
710 2625 920 2685 eodem
952 2641 1087 2684 cum
1132 2625 1404 2683 exercitu
1445 2623 1749 2701 profectus
1790 2631 2125 2702 expugnato

189 2715 260 2773 in
292 2712 516 2771 itinere
546 2709 768 2789 oppido
798 2708 1252 2776 Parthinorum,
1296 2709 1360 2767 in
1404 2725 1520 2786 quo
1550 2706 1869 2785 Pompeius
1898 2710 2124 2785 praesi-

192 2795 363 2855 dium
411 2792 703 2863 habebat,
758 2794 937 2854 tertio
992 2792 1088 2853 die
1134 2787 1598 2871 [Macedoniam]
1654 2789 1726 2849 ad
1776 2789 2125 2868 Pompeium

195 2878 476 2959 pervenit
516 2876 795 2956 iuxtaque
841 2895 979 2937 eum
1009 2882 1205 2936 castra
1231 2876 1432 2954 posuit
1474 2880 1534 2933 et
1572 2872 1860 2951 postridie
1893 2872 2127 2933 eductis

193 2960 482 3024 omnibus
541 2962 732 3039 copiis
790 2962 916 3021 acie
985 2961 1274 3020 instructa
1336 2956 1703 3018 decernendi
1770 2964 2127 3035 postetatem

193 3046 485 3125 Pompeio
513 3045 680 3104 fecit.
738 3043 853 3105 Ubi
883 3044 1049 3105 illum
1079 3046 1205 3103 suis
1241 3043 1391 3103 locis
1421 3059 1484 3102 se
1514 3048 1721 3101 tenere
1752 3040 2121 3101 animadver-
2143 3051 2177 3099 2

195 3133 292 3200 tit,
324 3130 577 3191 reducto
608 3130 671 3189 in
697 3136 890 3190 castra
920 3130 1192 3189 exercitu
1215 3126 1377 3187 aliud
1407 3124 1522 3186 sibi
1551 3125 1865 3185 consilium
1889 3126 2126 3204 capien-

196 3214 342 3275 dum
371 3214 752 3275 existimavit.
822 3211 1029 3291 ltaque
1070 3218 1308 3290 postero
1339 3211 1436 3271 die
1468 3209 1747 3270 omnibus
1787 3208 1974 3288 copiis
2001 3229 2124 3270 ma·
2146 3219 2184 3270 a

197 3315 319 3376 gno
378 3299 637 3359 circuitu
696 3296 929 3358 difficili
989 3302 1356 3373 angustoque
1420 3296 1636 3355 itinere
1695 3293 2129 3373 Dyrrhachium

199 3382 508 3461 profectus
539 3388 650 3448 est,
684 3398 952 3460 speram,
997 3378 1348 3459 Pompeium
1380 3387 1481 3439 aut
1507 3377 1939 3457 Dyrrhachium
1969 3397 2128 3440 com-

198 3464 344 3546 pelli
370 3474 472 3527 aut
500 3464 574 3526 ab
602 3483 672 3525 eo
702 3463 1028 3525 intercludi
1059 3482 1253 3543 posse,
1287 3463 1445 3541 quod
1472 3480 1707 3522 omnem
1738 3470 2128 3524 commeatum

198 3550 506 3631 totiusque
536 3548 681 3611 belli
711 3554 1063 3629 apparatum
1087 3565 1158 3608 eo
1180 3547 1545 3619 contulisset,
1569 3552 1638 3607 ut
1667 3547 1906 3609 accidit.
1956 3547 2128 3609 Pom·
2151 3560 2188 3604 Δ
