2750 4255
745 281 1604 346 COMM.11.CAP.x—X1111.
1809 277 1815 283 “
1857 251 1862 254 ’
2049 283 2138 351 49

185 451 603 523 concidisset,
643 469 763 513 non
803 469 975 531 posse
1015 453 1237 514 milites
1266 457 1594 524 contineri,
1637 457 1783 536 quin
1812 474 1917 537 spe
1958 474 2131 537 prae·

187 536 314 599 dae
347 540 415 600 in
446 535 659 599 urbem
699 538 1105 636 irrumperent
1142 536 1475 617 urbemque
1506 537 1793 601 delerent.
1853 540 2029 602 Haec
2043 549 2130 611 at·

189 641 323 704 que
366 621 636 684 eiusdem
675 623 913 700 generis
952 622 1256 701 complura
1305 630 1373 683 ut
1421 622 1497 683 ab
1546 623 1890 685 hominibus
1940 603 2131 688 doctis

190 725 423 787 magna
455 725 590 767 cum
620 706 1037 768 misericordia
1065 707 1326 787 fletuque
1356 710 1880 789 pronuntiantur.
2167 737 2173 746 ·

331 791 495 854 XIII.
554 788 784 863 Quibus
821 790 1006 853 rebus
1042 794 1322 852 commoti
1364 792 1545 871 legati
1585 793 1807 855 milites
1836 811 1907 854 ex
1944 811 2125 874 opere
2149 804 2180 853 1

187 877 538 956 deducunt,
600 878 1042 955 oppugnatione
1100 876 1427 949 desistunt;
1487 877 1772 957 operibus
1829 879 2130 940 custodias

193 960 574 1039 relinquunt.
635 960 1004 1021 Indutiarum
1043 959 1301 1041 quodam
1340 980 1562 1041 genere
1596 963 2010 1025 misericordia
2038 964 2127 1025 fa·
2148 971 2181 1023 2

195 1054 303 1107 cto
336 1045 622 1107 adventus
653 1044 927 1107 Caesaris
956 1051 1320 1125 expectatur.
1389 1045 1634 1108 Nullum
1663 1064 1737 1108 ex
1764 1065 1954 1120 muro,
1997 1045 2126 1109 nul-

194 1130 330 1192 lum
362 1148 395 1189 a
418 1131 640 1191 nostris
662 1130 922 1191 mittitur
951 1130 1166 1191 telum:
1199 1137 1265 1191 ut
1292 1149 1360 1192 re
1373 1133 1662 1202 confecta,
1694 1151 1899 1194 omnes
1921 1149 2125 1194 curam

200 1222 267 1276 et
311 1213 677 1293 diligentiam
715 1216 1052 1276 remittunt.
1124 1213 1338 1277 Caesar
1369 1218 1527 1277 enim
1566 1234 1676 1295 per
1715 1215 1943 1278 litteras
1975 1215 2121 1278 Tre·
2147 1227 2180 1277 8

201 1298 390 1359 bonio
435 1316 793 1378 magnopere
832 1298 1242 1371 mandaverat,
1284 1303 1362 1361 n'e
1403 1318 1514 1380 per
1546 1303 1667 1363 vim
1710 1301 1994 1380 oppidum
2025 1320 2125 1363 ex·

198 1386 457 1464 pugnari
489 1390 815 1464 pateretur,
846 1402 922 1445 ne
951 1385 1190 1462 gravius
1214 1386 1484 1464 permoti·
1502 1384 1724 1445 milites
1751 1392 1812 1446 et
1842 1384 2126 1446 desectio·

198 1470 299 1529 nis
320 1468 457 1529 odio
479 1476 539 1529 et
562 1470 1003 1547 contemptione
1028 1470 1123 1531 sui
1146 1476 1208 1529 et
1227 1469 1461 1531 diutino
1477 1468 1682 1530 labore
1705 1487 1913 1530 omnes
1934 1465 2126 1548 pube-

198 1570 304 1614 res
332 1553 767 1624 interflcerent;
809 1553 968 1634 quod
999 1572 1062 1614 se
1091 1553 1357 1615 facturos
1386 1553 1795 1626 minabantur,
1828 1571 2126 1634 aegreque
2146 1560 2183 1613 t-

200 1645 349 1698 tunc
372 1644 510 1699 sunt
531 1636 771 1708 retenti,
802 1640 949 1718 quin
980 1638 1260 1720 oppidum
1291 1640 1715 1718 irrumperent,
1746 1640 2125 1719 graviterque

199 1740 336 1783 eam
364 1740 493 1783 rem
523 1721 819 1794 tulerunt,
850 1723 1010 1802 quod
1038 1726 1274 1784 stetisse
1302 1741 1416 1803 per
1443 1722 1837 1795 Trebonium,
1868 1743 1987 1805 quo
2014 1725 2125 1785 mi·

200 1824 318 1867 nus
347 1806 568 1885 oppido
595 1808 963 1886 potirentur,
993 1807 1331 1868 videbatur.

331 1887 516 1949 XIIII.
575 1889 651 1950 At
687 1890 892 1950 hostes
933 1892 1063 1949 sine
1106 1891 1223 1952 fide
1260 1898 1496 1970 tempus
1533 1900 1709 1969 atque
1751 1893 2120 1954 occasionem
2146 1902 2175 1951 1

199 1971 435 2037 fraudis
490 1988 558 2031 ac
613 1971 731 2031 doli
773 1978 1071 2053 quaerunt
1118 1975 1572 2052 interiectisque
1614 1974 1840 2054 aliquot
1890 1975 2123 2047 diebus,

200 2056 431 2120 nostris
461 2055 884 2135 languentibus
924 2062 1111 2136 atque
1132 2058 1332 2118 animo
1361 2058 1658 2127 remissis,
1703 2058 1899 2122 subito
1940 2060 2122 2120 meri·

203 2143 380 2204 diano
419 2148 716 2222 tempore,
771 2159 906 2202 cum
953 2139 1103 2201 alius
1144 2141 1542 2211 discessisset,
1586 2141 1737 2205 alius
1776 2162 1850 2206 ex
1890 2144 2123 2206 diutino

200 2225 406 2288 labore
458 2228 534 2288 ln·
572 2227 723 2307 ipsis
761 2224 1046 2306 operibus
1086 2227 1276 2306 quieti
1323 2244 1388 2287 se
1429 2225 1723 2298 dedisset,
1780 2245 1944 2290 arma
1981 2246 2123 2291 vero

202 2312 398 2373 omnia
419 2312 681 2392 reposita
709 2317 1098 2390 contectaque
1129 2318 1346 2382 essent,
1377 2313 1569 2391 portis
1592 2310 1715 2394 [se]
1741 2313 1901 2375 foras
1924 2331 2121 2376 erum·

202 2403 385 2479 punt,
419 2395 680 2457 secundo
708 2413 1039 2476 magnoque
1078 2403 1254 2457 vento
1283 2397 1483 2474 ignem
1523 2396 1808 2478 operibus
1832 2400 2121 2464 inferunt.

201 2480 373 2543 Hunc
411 2482 499 2542 sic
528 2479 759 2543 distulit
795 2489 1037 2550 ventus,
1081 2483 1169 2543 uti
1199 2499 1319 2541 uno
1347 2488 1615 2562 tempore
1646 2499 1856 2561 agger,
1905 2482 2116 2564 plutei,
2139 2494 2173 2543 a

201 2564 463 2635 testudo,
505 2567 719 2636 turris,
764 2572 1059 2627 tormenta
1098 2565 1398 2627 flammam
1427 2568 1811 2646 conciperent
1852 2575 1912 2628 et
1950 2571 2120 2648 prius

200 2649 351 2712 haec
373 2650 569 2709 omnia
592 2657 1105 2721 consumerentur,
1130 2666 1325 2729 quam,
1347 2650 1845 2729 quemadmodum
1867 2653 2118 2715 accidis·

200 2739 313 2802 set,
343 2732 726 2796 animadverti
751 2741 974 2813 posset.
1034 2734 1238 2796 Nostri
1262 2736 1577 2815 repentina
1599 2736 1835 2796 fortuna
1857 2738 2113 2816 permoti
2135 2746 2169 2795 3

209 2833 398 2886 arma,
443 2833 593 2895 quae
623 2825 897 2897 possunt,
940 2820 1271 2899 arripiunt;
1317 2818 1420 2879 alii
1460 2836 1535 2880 ex
1565 2820 1778 2880 castris
1808 2837 1937 2881 sese
1967 2822 2117 2882 inci·

202 2905 346 2963 tant.
408 2898 553 2959 Fit
535 2917 600 2960 m
628 2902 816 2962 hostis
846 2904 1107 2981 impetus
1137 2919 1363 2971 eorum,
1397 2902 1503 2962 sed
1531 2920 1702 2962 muro
1732 2904 1965 2980 sagittis
1991 2911 2116 2964 tor·

204 2985 536 3064 mentisque
556 2984 855 3062 fugientes
876 2986 1156 3065 persequi
1173 2983 1593 3065 prohibentur.
1625 2984 1719 3046 Illi
1741 2985 1852 3046 sub
1873 3004 2112 3048 murum
2131 2995 2166 3047 4

204 3088 269 3132 se
295 3070 594 3148 recipiunt
614 3068 818 3150 ibique
847 3068 1177 3130 musculum
1203 3070 1535 3149 turrimque
1565 3069 1898 3131 latericiam
1926 3069 2118 3133 libere

203 3153 544 3216 incendunt.
588 3152 673 3215 Ita
703 3154 1022 3216 multorum
1051 3155 1347 3216 mensium
1374 3152 1546 3215 labor
1572 3153 1833 3215 hostium
1863 3155 2117 3235 perfidia

206 3246 268 3299 et
290 3240 345 3299 vi
373 3228 747 3318 tempestatis
774 3245 995 3319 puncto
1022 3240 1309 3318 temporis
1335 3239 1590 3300 interiit.
1649 3237 2114 3319 Temptaverunt
2135 3250 2167 3301 5

204 3322 314 3384 hoc
341 3323 498 3384 idem
527 3322 929 3385 Massilienses
956 3329 1196 3403 postero
1228 3322 1346 3384 die.
1404 3321 1668 3385 Eandem
1698 3325 1858 3385 nacti
1887 3332 2114 3405 tempe·

209 3412 410 3469 statem
437 3408 667 3469 maiore
697 3426 834 3470 cum
851 3407 1066 3469 fiducia
1097 3407 1169 3468 ad
1200 3407 1448 3469 alteram
1470 3410 1689 3470 turrim
1720 3425 2115 3489 aggeremque

211 3492 510 3570 eruptione
533 3499 946 3570 pugnaverunt
968 3491 1335 3572 multumque
1365 3494 1566 3570 ignem
1597 3493 1947 3555 intulerunt.
1996 3493 2111 3555 Sed
2132 3503 2165 3555 6

207 3582 271 3636 ut
297 3576 619 3656 superioris
645 3577 935 3656 temporis
964 3578 1407 3639 contentionem
1436 3580 1626 3640 nostri
1668 3596 1902 3642 omnem
1933 3579 2114 3640 remi-

298 3687 344 3724 ο.
374 3688 480 3726 1111..
515 3687 726 3727 cusan.
788 3689 844 3726 u.
1676 3675 1712 3732 4
