2750 4255
608 318 729 385 108
1246 324 1342 380 DE
1385 322 1614 379 BELLO
1660 322 1878 380 CIVILI

604 491 899 554 ficiscenti
939 490 1290 571 recepisset,
1335 508 1413 551 ne
1464 507 1574 569 per
1614 491 1745 550 eius
1785 491 2199 550 auctoritatem
2243 487 2542 568 deceptus

604 575 943 647 videretur,
993 575 1241 655 reliqui,
1297 575 1361 635 in
1401 572 1607 634 labore
1655 575 1787 653 pari
1829 590 1897 634 ac
1939 573 2207 652 periculo
2255 591 2332 634 ne
2375 591 2541 633 unus

607 677 818 721 omnes
846 660 1247 729 antecederet,
1279 663 1645 720 recusarent.

557 752 587 805 1
737 743 1056 807 LXXXIII.
1130 743 1253 804 Iam
1283 744 1357 803 de
1389 741 1719 803 sacerdotio
1749 741 2023 803 Caesaris
2051 741 2364 811 Domitius,
2403 740 2541 801 Sci·

608 830 712 910 pio
757 827 1161 908 Spintherque
1212 826 1502 889 Lentulus
1553 825 1867 889 cotidianis
1919 824 2407 887 contentionibus
2462 824 2541 886 ad

609 914 989 991 gravissimas
1027 911 1351 972 verborum
1394 910 1780 972 contumelias
1833 911 2026 989 palam
2068 909 2537 978 descenderunt,

609 1016 747 1058 cum
775 995 1062 1057 Lentulus
1089 997 1303 1057 aetatis
1328 995 1617 1056 honorem
1646 1001 1991 1065 ostentaret,
2023 993 2322 1054 Domitius
2353 993 2538 1053 urba·

609 1099 749 1143 nam
804 1081 1056 1157 gratiam
1109 1080 1577 1160 dignitatemque
1634 1080 1908 1148 iactaret,
1968 1077 2173 1157 Scipio
2225 1077 2541 1140 adfinitate

556 1173 592 1224 π
612 1165 859 1244 Pompei
888 1163 1233 1227 confideret.
1311 1163 1640 1224 Postulavit
1666 1165 1846 1224 etiarn
1887 1162 1953 1225 L.
1985 1163 2295 1223 Afranium
2324 1163 2538 1242 prodi-

610 1251 794 1309 tionis
846 1251 1147 1309 exercitus
1197 1249 1446 1309 Acutius
1497 1248 1686 1309 Rufus
1738 1247 1893 1326 apud
1944 1246 2320 1326 Pompeium,
2372 1245 2539 1326 quod

558 1342 593 1393 ⁸
615 1341 850 1411 gestum
886 1335 950 1393 in
979 1332 1264 1413 Hispania
1304 1333 1553 1393 diceret.
1624 1332 1701 1392 Et
1738 1331 1808 1392 L.
1839 1330 2135 1391 Domitius
2177 1332 2237 1390 in
2282 1330 2538 1391 consilio

611 1419 781 1488 dixit,
829 1417 1066 1497 placere
1107 1416 1225 1477 sibi
1266 1416 1423 1477 bello
1463 1417 1734 1477 confecto
1777 1422 1980 1476 ternas
2020 1412 2267 1475 tabellas
2295 1414 2431 1475 dari
2462 1414 2536 1476 ad

612 1501 995 1564 iudicandum
1026 1504 1124 1571 iis,
1156 1502 1258 1581 qui
1286 1500 1513 1560 ordinis
1542 1507 1742 1561 essent
1771 1501 2057 1575 senatorii
2097 1497 2371 1578 belloque
2414 1517 2538 1560 una

610 1605 749 1647 cum
776 1587 927 1664 ipsis
956 1585 1368 1645 interfuissent
1410 1586 1852 1663 sententiasque
1883 1584 1957 1644 de
1988 1582 2239 1660 singulis
2279 1584 2533 1653 ferrent,

612 1671 717 1749 qui
747 1668 968 1729 Romae
1010 1669 1441 1729 remansissent
1478 1671 1699 1748 quique
1741 1670 1901 1729 intra
1940 1668 2241 1747 praesidia
2284 1666 2535 1748 Pompei

612 1755 870 1815 fuissent
898 1771 1092 1832 neque
1121 1770 1364 1832 operam
1394 1754 1458 1813 in
1487 1770 1556 1812 re
1577 1752 1822 1812 militari
1851 1753 2319 1832 praestitissent:
2351 1769 2536 1812 unam

612 1839 743 1899 fore
782 1836 1091 1907 tabellam,
1145 1839 1247 1918 qui
1293 1835 1636 1898 liberandos
1676 1838 1837 1898 omni
1886 1836 2153 1915 periculo
2197 1844 2532 1906 censerent,

613 1922 894 1993 alteram,
956 1924 1058 2002 qui
1110 1923 1324 2000 capitis
1373 1921 1750 1991 damnarent,
1801 1923 2073 1989 tertiam,
2130 1922 2237 2000 qui
2263 1922 2535 1999 pecunia

554 2012 595 2066 Δ
620 2006 961 2068 multarent.
1030 2005 1339 2067 Postremo
1380 2024 1587 2066 omnes
1627 2013 1728 2067 aut
1773 2005 1848 2066 de
1899 2003 2228 2065 honoribus
2266 2006 2393 2065 suis
2432 2013 2535 2067 aut

614 2091 688 2153 de
718 2092 1006 2172 praemiis
1020 2092 1311 2171 pecuniae
1334 2097 1436 2151 aut
1457 2089 1531 2151 de
1560 2089 1996 2171 persequendis
2024 2090 2363 2151 inimicitiis
2394 2106 2528 2167 age-

613 2173 764 2238 bant
791 2193 921 2246 nec,
953 2175 1171 2255 quibus
1200 2174 1535 2236 rationibus
1563 2193 1850 2254 superare
1880 2181 2139 2253 possent,
2171 2174 2274 2235 sed
2324 2192 2531 2254 quem·

614 2260 933 2322 admodum
963 2261 1052 2320 uti
1082 2261 1330 2319 victoria
1361 2258 1673 2328 deberent,
1705 2258 2068 2337 cogitabant.

561 2350 585 2405 1
741 2341 1081 2406 LXXXIIII.
1170 2343 1257 2403 Re
1297 2343 1686 2405 frumentaria
1737 2349 2088 2422 praeparata
2141 2343 2531 2403 confirmatis-

612 2445 731 2507 que
762 2425 1056 2487 militibus
1086 2433 1147 2487 et
1174 2430 1318 2488 satis
1356 2427 1533 2506 longo
1562 2429 1754 2507 spatio
1793 2429 2085 2506 temporis
2113 2446 2146 2488 a
2175 2425 2530 2505 Dyrrhachi-

612 2514 713 2573 nis
742 2509 989 2590 proeliis
1016 2512 1378 2583 intermisso,
1419 2531 1537 2592 quo
1568 2514 1714 2572 satis
1752 2519 2133 2591 perspectum
2164 2510 2389 2571 habere
2419 2513 2530 2572 mi·

612 2595 790 2657 litum
818 2596 1080 2655 animum
1111 2595 1431 2666 videretur,
1472 2596 1879 2676 temptandum
1908 2594 2124 2657 Caesar
2152 2595 2527 2664 existimavit,

613 2678 896 2758 quidnam
939 2678 1257 2759 Pompeius
1299 2682 1591 2760 propositi
1633 2687 1735 2741 aut
1772 2680 2089 2741 voluntatis
2130 2678 2202 2739 ad
2245 2677 2528 2740 dimican-

559 2770 596 2823 2
617 2762 761 2823 dum
789 2761 1056 2826 haberet.
1126 2764 1331 2845 Itaque
1363 2782 1437 2824 ex
1468 2763 1676 2826 castris
1707 2766 2033 2830 exercitum
2066 2763 2272 2824 eduxit
2314 2765 2528 2824 aciem-

613 2865 731 2928 que
759 2848 1066 2918 instruxit,
1097 2852 1293 2927 primo
1324 2850 1450 2909 suis
1476 2847 1627 2909 locis
1655 2849 1949 2929 pauloque
1982 2867 2014 2909 a
2045 2848 2257 2908 castris
2286 2846 2527 2928 Pompei

612 2931 874 3010 longius,
917 2932 1366 2993 continentibus
1403 2951 1544 2993 vero
1586 2931 1829 3002 diebus,
1886 2931 1955 2994 u't
1995 2931 2459 3011 progrederetur
2497 2950 2529 2991 a

614 3020 834 3079 castris
863 3018 989 3078 suis
1005 3016 1372 3096 collibusque
1395 3015 1771 3096 Pompeianis
1794 3016 1979 3077 aciem
2003 3015 2324 3077 subiceret.
2369 3013 2529 3085 Quae

558 3106 596 3159 8
616 3118 717 3161 res
745 3102 809 3161 in
839 3100 969 3160 dies
996 3101 1501 3162 confirmatiorem
1531 3102 1662 3162 eius
1691 3103 2026 3162 exercitum
2045 3099 2360 3161 efficiebat.
2419 3099 2528 3159 Su·

612 3186 823 3263 perius
853 3191 1052 3245 tamen
1077 3186 1417 3245 institutum
1448 3186 1510 3244 in
1542 3185 1875 3267 equitibus,
1918 3185 2076 3266 quod
2106 3184 2529 3245 demonstravi-

612 3285 765 3338 mus,
797 3267 1089 3338 servabat,
1121 3275 1205 3338 ut,
1239 3269 1520 3348 quoniam
1547 3286 1802 3330 numero
1832 3270 2033 3331 multis
2074 3268 2350 3349 partibus
2379 3274 2530 3330 esset

611 3352 896 3421 inferior,
952 3352 1363 3413 adulescentes
1422 3361 1597 3432 atque
1651 3353 1957 3433 expeditos
2007 3372 2079 3414 ex
2131 3354 2530 3431 antesignanis

613 3436 823 3497 electis
847 3432 1130 3517 [milites]
1158 3436 1232 3497 ad
1261 3438 1683 3515 pernicitatem
1705 3440 1889 3499 armis
1916 3441 2076 3499 inter
2096 3439 2333 3517 equites
2360 3455 2527 3516 proe-

614 3518 754 3581 liari
796 3519 1063 3589 iuberet,
1116 3522 1222 3600 qui
1263 3520 1563 3584 cotidiana
1602 3524 2031 3584 consuetudine
2082 3540 2257 3582 usum
2299 3539 2526 3601 quoque

558 3610 597 3665 4
615 3605 747 3665 eius
803 3606 1046 3683 generis
1100 3604 1469 3688 proeliorum
1525 3609 1928 3687 perciperent.
2015 3606 2126 3668 His
2176 3614 2306 3667 erat
2351 3604 2527 3666 rebus

518 3879 647 4146 X
