2750 4255
585 287 672 353 66
1229 291 1326 347 DE
1367 289 1598 347 BELLO
1645 288 1865 346 clvm

525 467 555 517 3
587 459 838 538 quisque
870 456 1234 519 consulebat.
1295 455 1410 527 Qui
1451 458 1515 517 in
1554 453 1741 516 classe
1782 462 1982 525 erant,
2027 454 2325 533 proficisci
2367 471 2533 534 pro·

585 542 894 623 perabant.
954 543 1180 603 Horum
1209 543 1348 619 fuga
1379 542 1617 601 navium
1640 542 2051 600 onerariarum
2071 541 2393 616 magistros
2419 541 2534 598 in·

587 626 837 687 citabat-t
888 629 1073 705 pauci*
1095 625 1399 686 lenunculi
1431 624 1504 685 ad
1534 625 1798 685 officium
1825 625 2265 703 imperiumque
2294 640 2532 683 conve·

532 720 566 768 4
593 709 856 772 niebant.
917 710 1034 770 Sed
1063 718 1233 770 tanta¹
1256 717 1385 769 erat
1413 708 1726 787 completis
1754 707 2038 768 litoribus
2052 709 2374 775 conventio,
2404 708 2527 785 qui

585 797 961 875 potissimum
991 812 1063 855 ex
1094 810 1305 870 magno
1333 810 1586 853 numero
1614 791 2113 859 conscenderent,
2145 798 2214 851 ut-
2239 789 2528 851 multitu·-

587 880 731 941 dine
763 886 941 958 atque
970 895 1152 938 onere
1182 876 1450 938 nonnulli
1482 877 1992 955 deprimerentur,
2035 875 2257 955 reliqui
2287 875 2403 934 hoc
2436 876 2531 934 ti-

588 981 756 1024 more
789 961 1236 1040 propius-adire
1264 961 1689 1021 tardarentur.·
2498 983 2507 990 ·

537 1056 566 1106 1
714 1045 1062 1107 XXXXIIII.
1107 1044 1336 1115 Quibus
1365 1046 1556 1106 rebus·
1576 1044 1821 1114 accidit,
1853 1052 1919 1105 ut
1947 1046 2122 1122 pauci
2152 1042 2378 1103 milites
2406 1061 2530 1122 pa-

588 1139 830 1210 tresque
859 1130 1120 1190 familiae
1137 1176 1153 1200 ,
1185 1132 1289 1210 qui
1319 1140 1421 1190 aut
1450 1132 1641 1208 gratia
1671 1137 1774 1190 aut
1801 1127 2218 1189 misericordia-
2242 1127 2529 1187 valerent

590 1220 690 1275 aut
731 1232 910 1274 naves
943 1214 1161 1275 adnare
1192 1223 1463 1294 possent,
1507 1216 1734 1292 recepti
1777 1215 1842 1273 in
1873 1212 2140 1272 Siciliam
2182 1211 2528 1272 incolumes

586 1299 992 1378 pervenirent.
1049 1299 1334 1379 Reliquae
1375 1300 1583 1377 copiae
1621 1299 1831 1357 missis·
1853 1296 1926 1356 ad
1956 1296 2173 1356 Varum
2211 1303 2395 1355 noctu
2423 1295 2523 1356 le-

537 1393 569 1442 2
590 1389 863 1460 gatorum
890 1401 1138 1444 numero
1168 1382 1622 1443 centurionibus
1648 1399 1779 1441 sese
1810 1381 1866 1440 ei
1897 1378 2273 1440 dediderunt.
2353 1379 2524 1450 Qua-

589 1486 727 1528 rum
775 1469 1108 1528 cohortium
1159 1466 1383 1527 milites
1425 1472 1666 1545 postero
1710 1465 1824 1525 die¹
1853 1472 1988 1524 ante
2033 1464 2316 1543 oppidum
2361 1463 2522 1524 Iuba

588 1553 982 1630 conspicatus,
1015 1571 1180 1613 suam
1212 1569 1342 1611 esse
1365 1550 1719 1629 praedicans
1740 1550 2044 1628 praedam,
2075 1565 2347 1626 magnam
2369 1566 2519 1628 par-

588 1642 710 1696 tem
742 1653 948 1696 eorum
979 1637 1234 1696 interfici
1262 1637 1470 1703 iussit,
1517 1651 1754 1712 paucos·
1780 1633 2002 1694 electos
2040 1635 2105 1692 in
2131 1650 2381 1709 regnum
2412 1650 2519 1693 re-

589 1720 784 1788 misit,
838 1737 973 1779 cum
1014 1720 1202 1779 Varus
1253 1735 1419 1779 suam
1469 1717 1660 1778 fidem·
1697 1717 1770 1777 ab
1822 1735 1895 1778 eo
1942 1717 2099 1777 laedi
2150 1724 2518 1797 quereretur

412 1783 421 1802 ³
529 1812 570 1861 18
592 1820 783 1882 neque
823 1806 1106 1864 resistere
1147 1802 1414 1862 auderet.
1494 1801 1630 1880 Ipse
1681 1820 1834 1881 equo
1872 1804 1937 1862 in
1980 1801 2264 1880 oppidum
2304 1808 2518 1862 vectus

589 1887 1093 1967 prosequentibus
1121 1885 1962 1965 compluribus-senatoribus,
2006 1905 2124 1966 quo
2164 1889 2226 1956 in
2256 1904 2518 1946 numero

590 1980 722 2032 erat
754 1972 886 2032 Ser.
919 1970 1220 2049 Sulpicius
1249 1978 1308 2030 et
1335 1971 1609 2031 Licinius·
1633 1970 2055 2050 Damasippus,
2096 1973 2305 2049 paucis
2351 1968 2515 2050 [die-

590 2053 765 2136 bus],
808 2073 960 2135 quae
990 2055 1120 2114 fieri
1151 2053 1355 2125 vellet,
1391 2053 1595 2116 Uticae
1626 2057 1935 2116 constituit
1964 2061 2140 2135 atque
2168 2056 2513 2135 imperavit,

591 2140 921 2220 diebusque
961 2146 1096 2218 post
1135 2141 1343 2219 paucis
1373 2158 1437 2200 se
1467 2143 1531 2200 in
1560 2158 1812 2219 regnum
1842 2156 1988 2201 cum*
2008 2139 2288 2201 omnibus
2318 2141 2516 2219 copiis

588 2224 835 2304 recepit.

1035 2565 1122 2647 O.
1192 2565 1435 2649 IULI
1506 2565 2065 2651 CAESARIS

826 2753 1018 2876 DE
1108 2755 1624 2839 BELLO
1719 2754 2280 2841 oIV1L1

979 2924 1695 2997 COMMENTARIUS,
1718 2923 2110 2991 TERTIUS.

1270 3155 1822 3227 ARGUMENTUM.

773 3298 862 3370 [A.
897 3301 968 3352 U.
1003 3298 1062 3351 G.
1097 3297 1356 3365 DCCV1.]
1429 3299 1473 3349 Ι.
1533 3298 1775 3350 Caesar
1808 3299 2017 3364 Epiro
2052 3300 2344 3364 potitur.

726 3382 924 3435 Caesar
958 3385 1118 3435 rebus
1153 3382 1377 3433 urbanis
1412 3383 1748 3448 compositis,
1783 3387 2071 3448 postquam
2094 3383 2170 3432 XI
2194 3383 2396 3433 dierum
2432 3383 2510 3434 di-

591 3456 809 3501 ctatura.
852 3466 911 3502 se
951 3451 1247 3513 abdicavit,
1295 3451 1491 3501 iterum
1537 3449 1728 3500 consul
1770 3450 1946 3501 factus
1990 3450 2338 3501 Brundisium
2380 3451 2514 3513 abit,

593 3534 638 3569 e.
672 3517 716 3567 Ι.
751 3518 822 3568 11.
899 3519 1189 3584 Pompeius
1233 3532 1298 3567 ex
1341 3517 1474 3569 Asia
1509 3532 1735 3581 magnas
1781 3518 1965 3582 copias
2000 3519 2173 3582 cogit,
2218 3534 2262 3567 c.
2297 3517 2511 3568 III—V.

593 3584 792 3635 Caesar
836 3591 988 3653 parte
1031 3586 1220 3637 classis
1256 3585 1458 3637 amissa.
1492 3586 1552 3636 in
1586 3584 1862 3636 Graeciam
1897 3585 2101 3649 traicit3
2143 3586 2217 3636 M.
2253 3585 2512 3636 Octavius
