2750 4255
550 283 638 348 22
1195 287 1292 343 DE
1334 286 1567 344 BELLO
1614 287 1835 344 GIVILI

556 471 738 535 opere
768 454 1047 516 faciundo
1075 453 1299 515 milites
1331 455 1654 533 repentino
1691 455 1953 521 hostium
1992 457 2241 517 incursu
2279 463 2513 516 exter·

555 546 838 601 rerentur
867 546 1044 618 atque
1073 555 1256 617 opere
1294 537 1794 617 prohiberentur,
1837 539 1987 600 vallo
2017 543 2240 602 muniri
2270 541 2508 610 vetuit,

556 624 716 704 quod
745 625 1011 684 eminere
1040 628 1104 683 et
1130 622 1342 703 procul
1371 622 1566 683 videri
1592 641 1838 684 necesse
1870 631 2033 694 erat,
2080 625 2185 685 sed
2217 643 2250 685 a
2280 625 2509 685 fronte

504 715 538 766 5
561 715 767 769 contra
805 706 1036 768 hostem
1075 707 1294 785 pedum
1335 719 1434 767 xv
1473 707 1695 768 fossam
1732 709 1868 768 fleri
1909 710 2107 769 iussit.
2175 707 2381 769 Prima
2425 716 2511 768 et

557 791 817 854 secunda
847 793 1007 852 acies
1034 793 1100 851 in
1131 792 1340 860 armis,
1383 798 1451 851 ut
1479 789 1555 851 ab
1585 792 1758 851 initio
1786 795 2108 853 constituta
2138 800 2297 862 erat,
2338 811 2506 872 per-

555 875 864 946 manebat;
904 883 1041 955 post
1081 875 1188 935 hos
1217 891 1367 953 opus
1394 877 1461 934 in
1489 875 1720 935 occulto
1750 893 1783 936 a
1812 889 1913 936 111.
1947 879 2075 937 acie
2116 877 2318 937 flebat.
2381 877 2507 938 Sic

557 979 732 1022 omne
761 962 932 1040 prius
960 966 1052 1020 est
1078 958 1429 1038 perfectum,
1477 976 1654 1037 quam
1683 960 2161 1039 intellegeretur,
2204 961 2280 1022 ab
2310 961 2502 1022 Afra·

509 1054 542 1102 6
564 1048 666 1106 nio
696 1052 891 1106 castra
918 1045 1160 1104 muniri.
1235 1041 1358 1103 Sub
1389 1060 1705 1121 vesperum
1736 1043 1953 1105 Caesar
1992 1048 2150 1106 intra
2179 1045 2332 1106 hanc
2361 1046 2499 1105 fos-

561 1148 690 1191 sam
716 1129 985 1206 legiones
1008 1127 1246 1188 reducit
1274 1134 1450 1206 atque
1491 1126 1583 1188 ibi
1619 1126 1733 1188 sub
1765 1132 1951 1190 armis
1993 1131 2264 1209 proxima
2304 1135 2498 1189 nocte

563 1214 952 1292 conquiescit.

512 1306 541 1354 1
688 1295 972 1357 XXXXII.
1029 1295 1274 1356 Postero
1303 1295 1404 1357 die
1434 1315 1670 1358 omnem
1700 1298 2027 1358 exercitum
2065 1299 2225 1358 intra
2261 1297 2496 1357 fossam

563 1384 827 1444 continet
867 1387 952 1449 et,
994 1381 1153 1460 quod
1192 1380 1430 1458 longius
1469 1387 1601 1442 erat
1639 1399 1823 1458 agger
1851 1381 2174 1461 petendus,
2217 1383 2282 1442 in
2309 1399 2494 1461 prae-

565 1467 756 1528 sentia
785 1465 1045 1526 similem
1072 1466 1364 1526 rationem
1396 1467 1598 1543 operis
1625 1466 1888 1526 instituit
1915 1467 2267 1545 singulaque
2297 1466 2495 1526 latera

564 1558 899 1612 castrorum
928 1548 1178 1627 singulis
1209 1547 1487 1609 attribuit
1525 1547 1864 1626 legionibus
1901 1551 2225 1610 munienda
2265 1550 2492 1610 fossas·

566 1653 683 1716 que
724 1635 796 1695 ad
838 1634 1088 1695 eandem
1118 1632 1590 1710 magnitudinem
1617 1633 1828 1712 perfici
1866 1632 2066 1703 iubet:
2108 1633 2373 1711 reliquas
2401 1632 2491 1692 le·

512 1727 546 1776 2
568 1720 776 1798 giones
803 1719 867 1778 in
899 1719 1086 1779 armis
1113 1717 1419 1796 expeditas
1441 1725 1649 1776 contra
1678 1715 1909 1776 hostem
1939 1717 2265 1776 constituit.
2316 1717 2491 1777 Afra-

566 1807 704 1865 nius
731 1802 1121 1882 Petreiusque
1151 1800 1419 1862 terrendi
1451 1818 1630 1862 causa
1661 1807 1838 1879 atque
1879 1802 2082 1879 operis
2121 1799 2491 1878 impediendi

567 1890 770 1967 copias
797 1905 936 1948 suas
965 1887 1039 1948 ad
1071 1886 1301 1947 infimas
1329 1885 1551 1946 montis
1580 1884 1815 1944 radices
1842 1885 2181 1963 producunt
2210 1891 2269 1944 et
2310 1903 2488 1965 proe-

567 1973 649 2033 lio
705 1972 1033 2040 lacessunt,
1103 1988 1297 2049 neque
1360 1969 1588 2029 idcirco
1645 1967 1862 2029 Caesar
1917 1986 2066 2048 opus
2122 1970 2486 2038 intermittit,

569 2058 825 2118 confisus
874 2053 1175 2135 praesidio
1225 2053 1529 2132 legionum
1581 2053 1767 2113 trium
1797 2059 1857 2113 et
1900 2055 2229 2114 munitione
2273 2054 2487 2114 fossae.

518 2152 550 2199 3
573 2143 663 2203 illi
702 2159 825 2202 non
864 2141 967 2201 diu
1006 2140 1353 2202 commorati
1394 2155 1506 2197 nec
1546 2135 1783 2215 longius
1822 2137 1896 2200 ab
1938 2138 2141 2199 infimo
2172 2138 2320 2199 colle
2349 2157 2489 2217 pro·

516 2236 551 2283 4
571 2227 768 2304 gressi
824 2226 1028 2303 copias
1082 2226 1146 2284 in
1203 2229 1399 2283 castra
1456 2220 1771 2282 reducunt.
1869 2222 2074 2282 Tertio
2126 2221 2224 2282 die
2273 2222 2491 2283 Caesar

570 2310 720 2372 vallo
760 2318 955 2371 castra
986 2306 1336 2375 communit,
1381 2305 1644 2385 reliquas
1672 2306 1973 2377 cohorteS,
2018 2324 2165 2386 quas
2204 2308 2268 2366 in
2312 2324 2486 2385 supe·

568 2392 834 2456 rioribus
855 2393 1071 2453 castris
1088 2390 1436 2469 reliquerat,
1471 2390 2014 2470 impedimentaque
2052 2390 2125 2451 ad
2158 2408 2222 2451 se
2259 2392 2487 2452 traduci

570 2476 760 2540 iubet.

522 2573 551 2621 1
699 2559 1014 2621 XXXXIII.
1073 2559 1219 2619 Erat
1248 2560 1409 2619 inter
1439 2557 1724 2638 oppidum
1763 2558 2018 2621 Ilerdam
2052 2567 2116 2620 et
2151 2562 2487 2639 proximum

448 2670 460 2684 ’
574 2646 805 2713 collem,
837 2644 943 2704 ubi
973 2653 1168 2704 castra
1196 2641 1472 2703 Petreius
1502 2650 1678 2722 atque
1707 2644 1986 2704 Afranius
2016 2642 2335 2712 habebant,
2366 2643 2484 2721 pla-

573 2732 764 2791 nicies
790 2729 1032 2788 circiter
1061 2745 1303 2806 passum
1327 2738 1474 2797 cce,
1504 2736 1679 2806 atque
1709 2729 1772 2787 in
1793 2727 1906 2787 hoc
1927 2729 2055 2788 fere
2079 2728 2279 2788 medio
2300 2728 2485 2806 spatio

520 2824 553 2874 2
576 2812 840 2877 tumulus
869 2819 998 2872 erat
1023 2812 1200 2890 paulo
1234 2812 1486 2881 editior3
1526 2829 1705 2889 quem
1748 2813 1802 2872 si
1844 2813 2251 2890 occupavisset
2280 2811 2486 2873 Caesar

577 2906 638 2959 et
666 2896 1120 2966 communisset,
1164 2894 1239 2956 ab
1270 2896 1490 2975 oppido
1519 2902 1582 2955 et
1618 2902 1799 2976 ponte
1841 2904 1902 2957 et
1942 2903 2274 2957 commeatu
2308 2897 2481 2965 omni,

574 2999 754 3062 quem
799 2982 862 3040 in
905 2980 1187 3058 oppidum
1231 2979 1632 3050 contulerant,
1674 2998 1739 3040 se
1777 2979 2247 3040 interclusurum
2288 2979 2483 3040 adver·

525 3076 557 3124 8
580 3065 767 3127 sarios
807 3063 1163 3125 confidebat.
1245 3062 1371 3124 Hoc
1423 3082 1672 3143 sperans
1720 3058 2000 3142 legiones
2027 3076 2110 3123 111
2159 3082 2233 3124 ex
2283 3063 2483 3123 castris

577 3149 782 3211 educit
821 3149 1062 3227 acieque
1115 3150 1178 3208 in
1219 3147 1367 3208 locis
1408 3147 1645 3209 idoneis
1693 3148 1985 3208 instructa
2022 3148 2201 3207 unius
2231 3147 2481 3223 legionis

578 3234 995 3310 antesignanos
1043 3249 1404 3311 procurrere
1446 3239 1622 3311 atque
1669 3249 1805 3292 eum
1863 3231 2157 3291 tumulum
2203 3248 2479 3310 occupare

525 3325 562 3375 4
581 3316 769 3378 iubet.
848 3314 976 3386 Qua
1014 3334 1082 3377 re
1124 3318 1360 3394 cognita
1401 3316 1709 3386 celeriter,
1761 3333 1913 3394 quae
1965 3316 2030 3374 in
2082 3316 2335 3375 statione
2382 3333 2480 3393 pro

578 3402 790 3462 castris
819 3407 993 3461 erant
1014 3401 1219 3462 Afrani
1251 3400 1546 3469 cohorteS,
1578 3398 1858 3459 breviore
1888 3400 2107 3459 itinere
2139 3397 2213 3459 ad
2243 3399 2481 3461 eundem

524 3492 557 3542 ⁶
579 3486 989 3564 occupandum
1033 3486 1230 3546 locum
1267 3486 1610 3547 mittuntur.
1689 3481 2083 3543 Contenditur
2134 3483 2364 3561 proelio
2409 3491 2477 3555 et,

362 3633 381 3638 ἡ
577 3570 735 3651 quod
764 3572 936 3650 prius
964 3572 1031 3632 in
1059 3568 1355 3632 tumulum
1383 3568 1694 3628 Afraniani
1722 3573 2036 3637 venerant,
2077 3570 2269 3629 nostri
2302 3569 2478 3649 repel-
