<?xml version="1.0" encoding="UTF-8"?>
<!DOCTYPE html PUBLIC "-//W3C//DTD XHTML 1.0 Transitional//EN"
    "http://www.w3.org/TR/xhtml1/DTD/xhtml1-transitional.dtd">
<html xmlns="http://www.w3.org/1999/xhtml" xml:lang="en" lang="en">
 <head>
  <title>
</title>
<meta http-equiv="Content-Type" content="text/html;charset=utf-8" />
  <meta name='ocr-system' content='tesseract 3.04.00' />
  <meta name='ocr-capabilities' content='ocr_page ocr_carea ocr_par ocr_line ocrx_word'/>
</head>
<body>
  <div class='ocr_page' id='page_1' title='image "./commentariidebe01caesgoog_0117.png"; bbox 0 0 2750 4255; ppageno 0'>
   <div class='ocr_carea' id='block_1_1' title="bbox 487 316 2102 379">
    <p class='ocr_par' dir='ltr' id='par_1_1' title="bbox 487 316 2102 379">
     <span class='ocr_line' id='line_1_1' title="bbox 487 316 2102 379; baseline 0.002 -4"><span class='ocrx_word' id='word_1_1' title='bbox 487 319 715 375; x_wconf 74' lang='lat' dir='ltr'>COMM.</span> <span class='ocrx_word' id='word_1_2' title='bbox 740 319 837 375; x_wconf 90' lang='lat'>111.</span> <span class='ocrx_word' id='word_1_3' title='bbox 880 317 1034 373; x_wconf 78' lang='lat' dir='ltr'>CAP.</span> <span class='ocrx_word' id='word_1_4' title='bbox 1063 318 1795 375; x_wconf 85' lang='lat' dir='ltr'>LXXXXI—LXXXXIIII.</span> <span class='ocrx_word' id='word_1_5' title='bbox 1982 316 2102 379; x_wconf 86' lang='lat'><strong>113</strong></span> 
     </span>
    </p>
   </div>
   <div class='ocr_carea' id='block_1_2' title="bbox 145 484 2159 3677">
    <p class='ocr_par' dir='ltr' id='par_1_2' title="bbox 181 484 2159 1911">
     <span class='ocr_line' id='line_1_2' title="bbox 182 484 2103 567; baseline -0.001 -20"><span class='ocrx_word' id='word_1_6' title='bbox 182 495 403 567; x_wconf 86' lang='lat' dir='ltr'><strong>perunt</strong></span> <span class='ocrx_word' id='word_1_7' title='bbox 432 491 494 545; x_wconf 90' lang='lat' dir='ltr'><strong>et</strong></span> <span class='ocrx_word' id='word_1_8' title='bbox 532 485 818 565; x_wconf 88' lang='lat' dir='ltr'><strong>impetum</strong></span> <span class='ocrx_word' id='word_1_9' title='bbox 859 484 1161 561; x_wconf 85' lang='lat' dir='ltr'><strong>legionum</strong></span> <span class='ocrx_word' id='word_1_10' title='bbox 1192 484 1462 545; x_wconf 81' lang='lat' dir='ltr'><strong>tulerunt</strong></span> <span class='ocrx_word' id='word_1_11' title='bbox 1491 490 1552 544; x_wconf 89' lang='lat' dir='ltr'><strong>et</strong></span> <span class='ocrx_word' id='word_1_12' title='bbox 1590 485 1832 546; x_wconf 82' lang='lat' dir='ltr'><strong>ordines</strong></span> <span class='ocrx_word' id='word_1_13' title='bbox 1861 504 2103 547; x_wconf 88' lang='lat' dir='ltr'><strong>conser-</strong></span> 
     </span>
     <span class='ocr_line' id='line_1_3' title="bbox 184 569 2155 648; baseline -0.001 -19"><span class='ocrx_word' id='word_1_14' title='bbox 184 577 398 631; x_wconf 88' lang='lat' dir='ltr'><strong>varunt</strong></span> <span class='ocrx_word' id='word_1_15' title='bbox 425 569 684 648; x_wconf 91' lang='lat' dir='ltr'><strong>pilisque</strong></span> <span class='ocrx_word' id='word_1_16' title='bbox 714 569 912 629; x_wconf 87' lang='lat' dir='ltr'><strong>missis</strong></span> <span class='ocrx_word' id='word_1_17' title='bbox 943 569 1016 629; x_wconf 92' lang='lat' dir='ltr'><strong>ad</strong></span> <span class='ocrx_word' id='word_1_18' title='bbox 1046 569 1270 647; x_wconf 84' lang='lat' dir='ltr'>gladios</span> <span class='ocrx_word' id='word_1_19' title='bbox 1300 569 1628 629; x_wconf 89' lang='lat' dir='ltr'><strong>redierunt.</strong></span> <span class='ocrx_word' id='word_1_20' title='bbox 1697 569 1921 631; x_wconf 85' lang='lat' dir='ltr'><strong>Eodem</strong></span> <span class='ocrx_word' id='word_1_21' title='bbox 1950 578 2099 633; x_wconf 86' lang='lat' dir='ltr'><strong>tem-</strong></span> <span class='ocrx_word' id='word_1_22' title='bbox 2123 579 2155 627; x_wconf 78' lang='grc'><strong>3</strong></span> 
     </span>
     <span class='ocr_line' id='line_1_4' title="bbox 181 651 2104 734; baseline 0.001 -20"><span class='ocrx_word' id='word_1_23' title='bbox 181 672 328 734; x_wconf 91' lang='lat' dir='ltr'><strong>pore</strong></span> <span class='ocrx_word' id='word_1_24' title='bbox 351 656 588 733; x_wconf 83' lang='lat' dir='ltr'><strong>equites</strong></span> <span class='ocrx_word' id='word_1_25' title='bbox 611 651 683 712; x_wconf 90' lang='lat' dir='ltr'><strong>ab</strong></span> <span class='ocrx_word' id='word_1_26' title='bbox 707 654 952 713; x_wconf 87' lang='lat' dir='ltr'><strong>sinistro</strong></span> <span class='ocrx_word' id='word_1_27' title='bbox 962 653 1209 734; x_wconf 86' lang='lat' dir='ltr'><strong>Pompei</strong></span> <span class='ocrx_word' id='word_1_28' title='bbox 1239 671 1445 722; x_wconf 90' lang='lat' dir='ltr'><strong>cornu,</strong></span> <span class='ocrx_word' id='word_1_29' title='bbox 1479 660 1549 713; x_wconf 90' lang='lat' dir='ltr'><strong>ut</strong></span> <span class='ocrx_word' id='word_1_30' title='bbox 1566 660 1700 714; x_wconf 88' lang='lat' dir='ltr'><strong>erat</strong></span> <span class='ocrx_word' id='word_1_31' title='bbox 1725 656 2104 733; x_wconf 88' lang='lat' dir='ltr'><strong>imperatum,</strong></span> 
     </span>
     <span class='ocr_line' id='line_1_5' title="bbox 182 737 2102 817; baseline 0 -18"><span class='ocrx_word' id='word_1_32' title='bbox 182 740 449 799; x_wconf 89' lang='lat' dir='ltr'><strong>universi</strong></span> <span class='ocrx_word' id='word_1_33' title='bbox 486 743 1025 817; x_wconf 79' lang='lat' dir='ltr'><strong>procucurrerunt,</strong></span> <span class='ocrx_word' id='word_1_34' title='bbox 1063 739 1380 817; x_wconf 70' lang='lat' dir='ltr'><strong>omnisque</strong></span> <span class='ocrx_word' id='word_1_35' title='bbox 1420 737 1737 799; x_wconf 84' lang='lat' dir='ltr'><strong>multitudo</strong></span> <span class='ocrx_word' id='word_1_36' title='bbox 1771 740 2102 816; x_wconf 74' lang='lat' dir='ltr'><strong>sagittario-</strong></span> 
     </span>
     <span class='ocr_line' id='line_1_6' title="bbox 183 819 2159 902; baseline -0.002 -20"><span class='ocrx_word' id='word_1_37' title='bbox 183 840 316 882; x_wconf 89' lang='lat' dir='ltr'><strong>rum</strong></span> <span class='ocrx_word' id='word_1_38' title='bbox 348 841 414 882; x_wconf 87' lang='lat' dir='ltr'><strong>se</strong></span> <span class='ocrx_word' id='word_1_39' title='bbox 445 821 730 900; x_wconf 86' lang='lat' dir='ltr'><strong>profudit.</strong></span> <span class='ocrx_word' id='word_1_40' title='bbox 792 819 1057 891; x_wconf 87' lang='lat' dir='ltr'><strong>Quorum</strong></span> <span class='ocrx_word' id='word_1_41' title='bbox 1098 824 1389 902; x_wconf 90' lang='lat' dir='ltr'><strong>impetum</strong></span> <span class='ocrx_word' id='word_1_42' title='bbox 1418 828 1622 882; x_wconf 87' lang='lat' dir='ltr'><strong>noster</strong></span> <span class='ocrx_word' id='word_1_43' title='bbox 1651 825 1953 902; x_wconf 84' lang='lat' dir='ltr'><strong>equitatus</strong></span> <span class='ocrx_word' id='word_1_44' title='bbox 1978 841 2101 883; x_wconf 75' lang='lat' dir='ltr'><strong>non</strong></span> <span class='ocrx_word' id='word_1_45' title='bbox 2124 830 2159 879; x_wconf 76' lang='grc'>4</span> 
     </span>
     <span class='ocr_line' id='line_1_7' title="bbox 182 904 2104 987; baseline 0 -20"><span class='ocrx_word' id='word_1_46' title='bbox 182 906 338 976; x_wconf 91' lang='lat' dir='ltr'><strong>tulit,</strong></span> <span class='ocrx_word' id='word_1_47' title='bbox 383 905 488 966; x_wconf 87' lang='lat' dir='ltr'><strong>sed</strong></span> <span class='ocrx_word' id='word_1_48' title='bbox 519 905 805 984; x_wconf 83' lang='lat' dir='ltr'><strong>paulatim</strong></span> <span class='ocrx_word' id='word_1_49' title='bbox 833 904 964 965; x_wconf 92' lang='lat' dir='ltr'><strong>loco</strong></span> <span class='ocrx_word' id='word_1_50' title='bbox 992 913 1190 967; x_wconf 88' lang='lat' dir='ltr'><strong>motus</strong></span> <span class='ocrx_word' id='word_1_51' title='bbox 1220 909 1433 976; x_wconf 78' lang='lat' dir='ltr'><strong>cessit,</strong></span> <span class='ocrx_word' id='word_1_52' title='bbox 1478 908 1828 987; x_wconf 85' lang='lat' dir='ltr'><strong>equitesque</strong></span> <span class='ocrx_word' id='word_1_53' title='bbox 1859 906 2104 987; x_wconf 88' lang='lat' dir='ltr'><strong>Pompei</strong></span> 
     </span>
     <span class='ocr_line' id='line_1_8' title="bbox 182 990 2103 1071; baseline 0.001 -21"><span class='ocrx_word' id='word_1_54' title='bbox 182 991 294 1050; x_wconf 90' lang='lat' dir='ltr'><strong>hoc</strong></span> <span class='ocrx_word' id='word_1_55' title='bbox 348 992 552 1051; x_wconf 89' lang='lat' dir='ltr'><strong>acrius</strong></span> <span class='ocrx_word' id='word_1_56' title='bbox 600 991 824 1050; x_wconf 89' lang='lat' dir='ltr'><strong>instare</strong></span> <span class='ocrx_word' id='word_1_57' title='bbox 866 997 926 1050; x_wconf 90' lang='lat' dir='ltr'><strong>et</strong></span> <span class='ocrx_word' id='word_1_58' title='bbox 976 1007 1040 1050; x_wconf 91' lang='lat' dir='ltr'><strong>se</strong></span> <span class='ocrx_word' id='word_1_59' title='bbox 1090 993 1399 1051; x_wconf 79' lang='lat' dir='ltr'><strong>turmatim</strong></span> <span class='ocrx_word' id='word_1_60' title='bbox 1450 990 1749 1069; x_wconf 85' lang='lat' dir='ltr'><strong>explicare</strong></span> <span class='ocrx_word' id='word_1_61' title='bbox 1794 993 2103 1071; x_wconf 83' lang='lat' dir='ltr'><strong>aciemque</strong></span> 
     </span>
     <span class='ocr_line' id='line_1_9' title="bbox 184 1073 2157 1154; baseline -0.003 -19"><span class='ocrx_word' id='word_1_62' title='bbox 184 1082 447 1136; x_wconf 90' lang='lat' dir='ltr'><strong>nostram</strong></span> <span class='ocrx_word' id='word_1_63' title='bbox 481 1092 513 1134; x_wconf 90' lang='lat' dir='ltr'><strong>a</strong></span> <span class='ocrx_word' id='word_1_64' title='bbox 554 1073 739 1133; x_wconf 88' lang='lat' dir='ltr'><strong>latere</strong></span> <span class='ocrx_word' id='word_1_65' title='bbox 783 1079 990 1153; x_wconf 91' lang='lat' dir='ltr'><strong>aperto</strong></span> <span class='ocrx_word' id='word_1_66' title='bbox 1018 1075 1339 1134; x_wconf 82' lang='lat' dir='ltr'><strong>circumire</strong></span> <span class='ocrx_word' id='word_1_67' title='bbox 1370 1083 1717 1154; x_wconf 88' lang='lat' dir='ltr'><strong>coeperunt.</strong></span> <span class='ocrx_word' id='word_1_68' title='bbox 1787 1073 1958 1146; x_wconf 88' lang='lat' dir='ltr'><strong>Quod</strong></span> <span class='ocrx_word' id='word_1_69' title='bbox 1997 1074 2098 1135; x_wconf 87' lang='lat' dir='ltr'><strong>uhi</strong></span> <span class='ocrx_word' id='word_1_70' title='bbox 2126 1083 2157 1130; x_wconf 84' lang='lat'><strong>5</strong></span> 
     </span>
     <span class='ocr_line' id='line_1_10' title="bbox 185 1158 2104 1237; baseline 0.001 -18"><span class='ocrx_word' id='word_1_71' title='bbox 185 1158 402 1219; x_wconf 89' lang='lat' dir='ltr'><strong>Caesar</strong></span> <span class='ocrx_word' id='word_1_72' title='bbox 431 1158 865 1226; x_wconf 80' lang='lat' dir='ltr'><strong>animadvertit,</strong></span> <span class='ocrx_word' id='word_1_73' title='bbox 910 1165 1154 1237; x_wconf 78' lang='lat' dir='ltr'><strong>quartae</strong></span> <span class='ocrx_word' id='word_1_74' title='bbox 1186 1160 1357 1226; x_wconf 90' lang='lat' dir='ltr'><strong>aciei,</strong></span> <span class='ocrx_word' id='word_1_75' title='bbox 1403 1177 1578 1237; x_wconf 86' lang='lat' dir='ltr'><strong>quam</strong></span> <span class='ocrx_word' id='word_1_76' title='bbox 1619 1161 1963 1221; x_wconf 82' lang='lat' dir='ltr'><strong>instituerat</strong></span> <span class='ocrx_word' id='word_1_77' title='bbox 2000 1178 2104 1221; x_wconf 82' lang='lat' dir='ltr'><strong>sex</strong></span> 
     </span>
     <span class='ocr_line' id='line_1_11' title="bbox 184 1241 2158 1322; baseline -0.002 -19"><span class='ocrx_word' id='word_1_78' title='bbox 184 1243 554 1311; x_wconf 87' lang='lat' dir='ltr'><strong>cohortium,</strong></span> <span class='ocrx_word' id='word_1_79' title='bbox 598 1241 758 1301; x_wconf 87' lang='lat' dir='ltr'><strong>dedit</strong></span> <span class='ocrx_word' id='word_1_80' title='bbox 800 1243 1055 1319; x_wconf 88' lang='lat' dir='ltr'><strong>signum.</strong></span> <span class='ocrx_word' id='word_1_81' title='bbox 1134 1242 1226 1302; x_wconf 88' lang='lat' dir='ltr'><strong>Illi</strong></span> <span class='ocrx_word' id='word_1_82' title='bbox 1277 1241 1557 1302; x_wconf 79' lang='lat' dir='ltr'><strong>celeriter</strong></span> <span class='ocrx_word' id='word_1_83' title='bbox 1595 1250 2105 1322; x_wconf 84' lang='lat' dir='ltr'><strong>procucurrerunt</strong></span> <span class='ocrx_word' id='word_1_84' title='bbox 2127 1253 2158 1300; x_wconf 80' lang='grc'><strong>6</strong></span> 
     </span>
     <span class='ocr_line' id='line_1_12' title="bbox 184 1325 2102 1406; baseline 0 -19"><span class='ocrx_word' id='word_1_85' title='bbox 184 1329 543 1406; x_wconf 80' lang='lat' dir='ltr'><strong>infestisque</strong></span> <span class='ocrx_word' id='word_1_86' title='bbox 585 1327 774 1403; x_wconf 85' lang='lat' dir='ltr'><strong>signis</strong></span> <span class='ocrx_word' id='word_1_87' title='bbox 816 1332 980 1386; x_wconf 88' lang='lat' dir='ltr'><strong>tanta</strong></span> <span class='ocrx_word' id='word_1_88' title='bbox 1021 1327 1080 1386; x_wconf 86' lang='lat' dir='ltr'><strong>vi</strong></span> <span class='ocrx_word' id='word_1_89' title='bbox 1129 1328 1194 1387; x_wconf 92' lang='lat' dir='ltr'><strong>in</strong></span> <span class='ocrx_word' id='word_1_90' title='bbox 1234 1325 1480 1405; x_wconf 88' lang='lat' dir='ltr'><strong>Pompei</strong></span> <span class='ocrx_word' id='word_1_91' title='bbox 1530 1328 1765 1404; x_wconf 88' lang='lat' dir='ltr'><strong>equites</strong></span> <span class='ocrx_word' id='word_1_92' title='bbox 1816 1329 2102 1406; x_wconf 87' lang='lat' dir='ltr'><strong>impetum</strong></span> 
     </span>
     <span class='ocr_line' id='line_1_13' title="bbox 183 1412 2103 1490; baseline -0.001 -18"><span class='ocrx_word' id='word_1_93' title='bbox 183 1412 493 1480; x_wconf 80' lang='lat' dir='ltr'><strong>fecerunt,</strong></span> <span class='ocrx_word' id='word_1_94' title='bbox 538 1417 606 1470; x_wconf 90' lang='lat' dir='ltr'><strong>ut</strong></span> <span class='ocrx_word' id='word_1_95' title='bbox 634 1427 840 1470; x_wconf 88' lang='lat' dir='ltr'><strong>eorum</strong></span> <span class='ocrx_word' id='word_1_96' title='bbox 869 1427 1046 1470; x_wconf 88' lang='lat' dir='ltr'><strong>nemo</strong></span> <span class='ocrx_word' id='word_1_97' title='bbox 1088 1412 1444 1472; x_wconf 80' lang='lat' dir='ltr'><strong>consisteret</strong></span> <span class='ocrx_word' id='word_1_98' title='bbox 1479 1428 1802 1490; x_wconf 89' lang='lat' dir='ltr'><strong>omnesque</strong></span> <span class='ocrx_word' id='word_1_99' title='bbox 1832 1412 2103 1471; x_wconf 86' lang='lat' dir='ltr'><strong>conversi</strong></span> 
     </span>
     <span class='ocr_line' id='line_1_14' title="bbox 183 1494 2104 1574; baseline -0.001 -18"><span class='ocrx_word' id='word_1_100' title='bbox 183 1514 299 1556; x_wconf 91' lang='lat' dir='ltr'><strong>non</strong></span> <span class='ocrx_word' id='word_1_101' title='bbox 350 1495 542 1557; x_wconf 91' lang='lat' dir='ltr'><strong>solum</strong></span> <span class='ocrx_word' id='word_1_102' title='bbox 592 1494 723 1554; x_wconf 91' lang='lat' dir='ltr'><strong>loco</strong></span> <span class='ocrx_word' id='word_1_103' title='bbox 766 1494 1153 1566; x_wconf 85' lang='lat' dir='ltr'><strong>excederent,</strong></span> <span class='ocrx_word' id='word_1_104' title='bbox 1201 1494 1311 1556; x_wconf 85' lang='lat' dir='ltr'><strong>sed</strong></span> <span class='ocrx_word' id='word_1_105' title='bbox 1362 1497 1636 1574; x_wconf 87' lang='lat' dir='ltr'><strong>protinus</strong></span> <span class='ocrx_word' id='word_1_106' title='bbox 1686 1495 1920 1556; x_wconf 89' lang='lat' dir='ltr'><strong>incitati</strong></span> <span class='ocrx_word' id='word_1_107' title='bbox 1958 1495 2104 1573; x_wconf 67' lang='lat' dir='ltr'><strong>fuga</strong></span> 
     </span>
     <span class='ocr_line' id='line_1_15' title="bbox 182 1577 2154 1658; baseline -0.002 -18"><span class='ocrx_word' id='word_1_108' title='bbox 182 1588 415 1640; x_wconf 89' lang='lat' dir='ltr'><strong>montes</strong></span> <span class='ocrx_word' id='word_1_109' title='bbox 457 1579 777 1639; x_wconf 86' lang='lat' dir='ltr'><strong>altissimos</strong></span> <span class='ocrx_word' id='word_1_110' title='bbox 818 1586 1111 1658; x_wconf 88' lang='lat' dir='ltr'><strong>peterent.</strong></span> <span class='ocrx_word' id='word_1_111' title='bbox 1181 1577 1413 1650; x_wconf 85' lang='lat' dir='ltr'><strong>Quibus</strong></span> <span class='ocrx_word' id='word_1_112' title='bbox 1454 1577 1745 1640; x_wconf 73' lang='lat' dir='ltr'><strong>submotis</strong></span> <span class='ocrx_word' id='word_1_113' title='bbox 1775 1596 1980 1639; x_wconf 82' lang='lat' dir='ltr'><strong>omnes</strong></span> <span class='ocrx_word' id='word_1_114' title='bbox 2008 1596 2100 1639; x_wconf 90' lang='lat' dir='ltr'><strong>sa·</strong></span> <span class='ocrx_word' id='word_1_115' title='bbox 2123 1585 2154 1635; x_wconf 71' lang='lat'>⁷</span> 
     </span>
     <span class='ocr_line' id='line_1_16' title="bbox 183 1663 2103 1744; baseline -0.001 -19"><span class='ocrx_word' id='word_1_116' title='bbox 183 1665 416 1742; x_wconf 82' lang='lat' dir='ltr'><strong>gittarii</strong></span> <span class='ocrx_word' id='word_1_117' title='bbox 473 1663 925 1742; x_wconf 73' lang='lat' dir='ltr'><strong>funditoresque</strong></span> <span class='ocrx_word' id='word_1_118' title='bbox 973 1663 1240 1725; x_wconf 87' lang='lat' dir='ltr'><strong>destituti</strong></span> <span class='ocrx_word' id='word_1_119' title='bbox 1296 1666 1557 1725; x_wconf 87' lang='lat' dir='ltr'><strong>inermes</strong></span> <span class='ocrx_word' id='word_1_120' title='bbox 1614 1666 1746 1725; x_wconf 88' lang='lat' dir='ltr'><strong>sine</strong></span> <span class='ocrx_word' id='word_1_121' title='bbox 1802 1663 2103 1744; x_wconf 87' lang='lat' dir='ltr'><strong>praesidio</strong></span> 
     </span>
     <span class='ocr_line' id='line_1_17' title="bbox 184 1746 2158 1828; baseline -0.002 -21"><span class='ocrx_word' id='word_1_122' title='bbox 184 1749 488 1809; x_wconf 82' lang='lat' dir='ltr'><strong>interfecti</strong></span> <span class='ocrx_word' id='word_1_123' title='bbox 520 1754 677 1807; x_wconf 90' lang='lat' dir='ltr'><strong>sunt.</strong></span> <span class='ocrx_word' id='word_1_124' title='bbox 748 1746 973 1807; x_wconf 87' lang='lat' dir='ltr'><strong>Eodem</strong></span> <span class='ocrx_word' id='word_1_125' title='bbox 1016 1750 1245 1828; x_wconf 89' lang='lat' dir='ltr'><strong>impetu</strong></span> <span class='ocrx_word' id='word_1_126' title='bbox 1274 1748 1548 1809; x_wconf 82' lang='lat' dir='ltr'><strong>cohortes</strong></span> <span class='ocrx_word' id='word_1_127' title='bbox 1575 1751 1887 1809; x_wconf 88' lang='lat' dir='ltr'><strong>sinistrum</strong></span> <span class='ocrx_word' id='word_1_128' title='bbox 1916 1765 2104 1808; x_wconf 89' lang='lat' dir='ltr'><strong>cornu</strong></span> <span class='ocrx_word' id='word_1_129' title='bbox 2124 1754 2158 1803; x_wconf 86' lang='lat'>8</span> 
     </span>
     <span class='ocr_line' id='line_1_18' title="bbox 182 1830 2103 1911; baseline 0 -19"><span class='ocrx_word' id='word_1_130' title='bbox 182 1830 591 1911; x_wconf 80' lang='lat' dir='ltr'><strong>pugnantibus</strong></span> <span class='ocrx_word' id='word_1_131' title='bbox 621 1832 801 1891; x_wconf 88' lang='lat' dir='ltr'><strong>etiam</strong></span> <span class='ocrx_word' id='word_1_132' title='bbox 830 1837 958 1891; x_wconf 90' lang='lat' dir='ltr'><strong>tum</strong></span> <span class='ocrx_word' id='word_1_133' title='bbox 990 1849 1059 1892; x_wconf 89' lang='lat' dir='ltr'><strong>ac</strong></span> <span class='ocrx_word' id='word_1_134' title='bbox 1087 1832 1512 1893; x_wconf 88' lang='lat' dir='ltr'><strong>resistentibus</strong></span> <span class='ocrx_word' id='word_1_135' title='bbox 1541 1833 1602 1891; x_wconf 92' lang='lat' dir='ltr'><strong>in</strong></span> <span class='ocrx_word' id='word_1_136' title='bbox 1635 1833 1764 1892; x_wconf 72' lang='lat' dir='ltr'><strong>acie</strong></span> <span class='ocrx_word' id='word_1_137' title='bbox 1794 1831 2103 1909; x_wconf 87' lang='lat' dir='ltr'><strong>Pompeia-</strong></span> 
     </span>
    </p>

    <p class='ocr_par' dir='ltr' id='par_1_3' title="bbox 145 1915 1667 1994">
     <span class='ocr_line' id='line_1_19' title="bbox 145 1915 1667 1994; baseline -0.001 -18"><span class='ocrx_word' id='word_1_138' title='bbox 145 1940 156 1953; x_wconf 70' lang='grc'><strong><em>’</em></strong></span> <span class='ocrx_word' id='word_1_139' title='bbox 184 1918 279 1976; x_wconf 90' lang='lat' dir='ltr'><strong>nis</strong></span> <span class='ocrx_word' id='word_1_140' title='bbox 310 1917 745 1976; x_wconf 88' lang='lat' dir='ltr'><strong>circumierunt</strong></span> <span class='ocrx_word' id='word_1_141' title='bbox 774 1932 994 1994; x_wconf 90' lang='lat' dir='ltr'><strong>eosque</strong></span> <span class='ocrx_word' id='word_1_142' title='bbox 1024 1934 1056 1975; x_wconf 98' lang='lat' dir='ltr'><strong>a</strong></span> <span class='ocrx_word' id='word_1_143' title='bbox 1088 1923 1256 1993; x_wconf 81' lang='lat' dir='ltr'><strong>tergo</strong></span> <span class='ocrx_word' id='word_1_144' title='bbox 1286 1922 1424 1976; x_wconf 90' lang='lat' dir='ltr'><strong>sunt</strong></span> <span class='ocrx_word' id='word_1_145' title='bbox 1454 1915 1667 1976; x_wconf 84' lang='lat' dir='ltr'><strong>adorti.</strong></span> 
     </span>
    </p>

    <p class='ocr_par' dir='ltr' id='par_1_4' title="bbox 182 1997 2157 3677">
     <span class='ocr_line' id='line_1_20' title="bbox 310 1997 2153 2079; baseline -0.003 -19"><span class='ocrx_word' id='word_1_146' title='bbox 310 1998 713 2060; x_wconf 86' lang='lat' dir='ltr'>LXXXXIIII.</span> <span class='ocrx_word' id='word_1_147' title='bbox 784 1998 1004 2059; x_wconf 90' lang='lat' dir='ltr'><strong>Eodem</strong></span> <span class='ocrx_word' id='word_1_148' title='bbox 1045 2006 1313 2079; x_wconf 83' lang='lat' dir='ltr'><strong>tempore</strong></span> <span class='ocrx_word' id='word_1_149' title='bbox 1357 2001 1595 2059; x_wconf 87' lang='lat' dir='ltr'><strong>tertiam</strong></span> <span class='ocrx_word' id='word_1_150' title='bbox 1637 2000 1823 2059; x_wconf 86' lang='lat' dir='ltr'><strong>aciem</strong></span> <span class='ocrx_word' id='word_1_151' title='bbox 1865 1997 2098 2069; x_wconf 89' lang='lat' dir='ltr'><strong>Caesar,</strong></span> <span class='ocrx_word' id='word_1_152' title='bbox 2124 2005 2153 2054; x_wconf 85' lang='grc' dir='ltr'>ι</span> 
     </span>
     <span class='ocr_line' id='line_1_21' title="bbox 183 2082 2100 2164; baseline 0 -20"><span class='ocrx_word' id='word_1_153' title='bbox 183 2102 338 2164; x_wconf 90' lang='lat' dir='ltr'><strong>quae</strong></span> <span class='ocrx_word' id='word_1_154' title='bbox 372 2085 572 2163; x_wconf 89' lang='lat' dir='ltr'><strong>quieta</strong></span> <span class='ocrx_word' id='word_1_155' title='bbox 600 2085 797 2145; x_wconf 88' lang='lat' dir='ltr'><strong>fuerat</strong></span> <span class='ocrx_word' id='word_1_156' title='bbox 827 2089 887 2143; x_wconf 90' lang='lat' dir='ltr'><strong>et</strong></span> <span class='ocrx_word' id='word_1_157' title='bbox 916 2101 979 2144; x_wconf 92' lang='lat' dir='ltr'><strong>se</strong></span> <span class='ocrx_word' id='word_1_158' title='bbox 1012 2083 1085 2144; x_wconf 90' lang='lat' dir='ltr'><strong>ad</strong></span> <span class='ocrx_word' id='word_1_159' title='bbox 1115 2085 1176 2145; x_wconf 93' lang='lat' dir='ltr'><strong>id</strong></span> <span class='ocrx_word' id='word_1_160' title='bbox 1207 2091 1444 2163; x_wconf 89' lang='lat' dir='ltr'><strong>tempus</strong></span> <span class='ocrx_word' id='word_1_161' title='bbox 1482 2082 1611 2144; x_wconf 90' lang='lat' dir='ltr'><strong>loco</strong></span> <span class='ocrx_word' id='word_1_162' title='bbox 1638 2089 1931 2154; x_wconf 86' lang='lat' dir='ltr'><strong>tenuerat,</strong></span> <span class='ocrx_word' id='word_1_163' title='bbox 1963 2100 2100 2162; x_wconf 89' lang='lat' dir='ltr'><strong>pro·</strong></span> 
     </span>
     <span class='ocr_line' id='line_1_22' title="bbox 185 2168 2156 2248; baseline -0.002 -19"><span class='ocrx_word' id='word_1_164' title='bbox 185 2184 435 2229; x_wconf 91' lang='lat' dir='ltr'><strong>currere</strong></span> <span class='ocrx_word' id='word_1_165' title='bbox 478 2169 670 2229; x_wconf 86' lang='lat' dir='ltr'><strong>iussit.</strong></span> <span class='ocrx_word' id='word_1_166' title='bbox 733 2168 823 2228; x_wconf 91' lang='lat' dir='ltr'><strong>Ita</strong></span> <span class='ocrx_word' id='word_1_167' title='bbox 865 2186 998 2227; x_wconf 85' lang='lat' dir='ltr'><strong>cum</strong></span> <span class='ocrx_word' id='word_1_168' title='bbox 1053 2176 1328 2229; x_wconf 89' lang='lat' dir='ltr'><strong>recentes</strong></span> <span class='ocrx_word' id='word_1_169' title='bbox 1367 2176 1545 2248; x_wconf 89' lang='lat' dir='ltr'><strong>atque</strong></span> <span class='ocrx_word' id='word_1_170' title='bbox 1586 2169 1806 2245; x_wconf 85' lang='lat' dir='ltr'><strong>integri</strong></span> <span class='ocrx_word' id='word_1_171' title='bbox 1853 2168 2104 2228; x_wconf 83' lang='lat' dir='ltr'><strong>defessis</strong></span> <span class='ocrx_word' id='word_1_172' title='bbox 2125 2175 2156 2224; x_wconf 78' lang='lat'>2</span> 
     </span>
     <span class='ocr_line' id='line_1_23' title="bbox 184 2252 2102 2331; baseline 0 -20"><span class='ocrx_word' id='word_1_173' title='bbox 184 2253 642 2323; x_wconf 90' lang='lat' dir='ltr'><strong>successissent,</strong></span> <span class='ocrx_word' id='word_1_174' title='bbox 686 2252 786 2312; x_wconf 90' lang='lat' dir='ltr'><strong>alii</strong></span> <span class='ocrx_word' id='word_1_175' title='bbox 834 2258 1032 2312; x_wconf 86' lang='lat' dir='ltr'><strong>autem</strong></span> <span class='ocrx_word' id='word_1_176' title='bbox 1064 2270 1097 2312; x_wconf 90' lang='lat' dir='ltr'><strong>a</strong></span> <span class='ocrx_word' id='word_1_177' title='bbox 1134 2260 1309 2331; x_wconf 85' lang='lat' dir='ltr'><strong>tergo</strong></span> <span class='ocrx_word' id='word_1_178' title='bbox 1349 2252 1762 2322; x_wconf 87' lang='lat' dir='ltr'><strong>adorirentur,</strong></span> <span class='ocrx_word' id='word_1_179' title='bbox 1807 2253 2102 2313; x_wconf 87' lang='lat' dir='ltr'><strong>sustinere</strong></span> 
     </span>
     <span class='ocr_line' id='line_1_24' title="bbox 183 2335 2102 2416; baseline 0 -20"><span class='ocrx_word' id='word_1_180' title='bbox 183 2335 533 2416; x_wconf 88' lang='lat' dir='ltr'><strong>Pompeiani</strong></span> <span class='ocrx_word' id='word_1_181' title='bbox 562 2353 683 2396; x_wconf 89' lang='lat' dir='ltr'><strong>non</strong></span> <span class='ocrx_word' id='word_1_182' title='bbox 710 2342 1033 2415; x_wconf 91' lang='lat' dir='ltr'><strong>potuerunt</strong></span> <span class='ocrx_word' id='word_1_183' title='bbox 1063 2343 1239 2416; x_wconf 89' lang='lat' dir='ltr'><strong>atque</strong></span> <span class='ocrx_word' id='word_1_184' title='bbox 1269 2339 1535 2398; x_wconf 80' lang='lat' dir='ltr'><strong>universi</strong></span> <span class='ocrx_word' id='word_1_185' title='bbox 1577 2343 1744 2415; x_wconf 85' lang='lat' dir='ltr'><strong>terga</strong></span> <span class='ocrx_word' id='word_1_186' title='bbox 1772 2342 2102 2397; x_wconf 85' lang='lat' dir='ltr'><strong>verterunt.</strong></span> 
     </span>
     <span class='ocr_line' id='line_1_25' title="bbox 183 2419 2154 2501; baseline -0.002 -20"><span class='ocrx_word' id='word_1_187' title='bbox 183 2420 394 2500; x_wconf 84' lang='lat' dir='ltr'><strong>Neque</strong></span> <span class='ocrx_word' id='word_1_188' title='bbox 414 2437 558 2480; x_wconf 85' lang='lat' dir='ltr'><strong>vero</strong></span> <span class='ocrx_word' id='word_1_189' title='bbox 586 2419 897 2481; x_wconf 86' lang='lat' dir='ltr'><strong>Caesarem</strong></span> <span class='ocrx_word' id='word_1_190' title='bbox 918 2420 1148 2489; x_wconf 79' lang='lat' dir='ltr'><strong>fefellit,</strong></span> <span class='ocrx_word' id='word_1_191' title='bbox 1171 2423 1318 2501; x_wconf 90' lang='lat' dir='ltr'><strong>quin</strong></span> <span class='ocrx_word' id='word_1_192' title='bbox 1345 2420 1422 2481; x_wconf 86' lang='lat' dir='ltr'><strong>ab</strong></span> <span class='ocrx_word' id='word_1_193' title='bbox 1451 2422 1530 2483; x_wconf 88' lang='lat' dir='ltr'><strong>iis</strong></span> <span class='ocrx_word' id='word_1_194' title='bbox 1557 2420 1922 2491; x_wconf 82' lang='lat' dir='ltr'><strong>cohortibuS,</strong></span> <span class='ocrx_word' id='word_1_195' title='bbox 1945 2438 2099 2500; x_wconf 87' lang='lat' dir='ltr'><strong>quae</strong></span> <span class='ocrx_word' id='word_1_196' title='bbox 2122 2428 2154 2476; x_wconf 81' lang='grc'><strong>3</strong></span> 
     </span>
     <span class='ocr_line' id='line_1_26' title="bbox 184 2505 2104 2585; baseline 0.001 -20"><span class='ocrx_word' id='word_1_197' title='bbox 184 2514 392 2565; x_wconf 89' lang='lat' dir='ltr'><strong>contra</strong></span> <span class='ocrx_word' id='word_1_198' title='bbox 424 2505 753 2585; x_wconf 86' lang='lat' dir='ltr'><strong>equitatum</strong></span> <span class='ocrx_word' id='word_1_199' title='bbox 784 2506 846 2565; x_wconf 93' lang='lat' dir='ltr'><strong>in</strong></span> <span class='ocrx_word' id='word_1_200' title='bbox 868 2512 1078 2585; x_wconf 88' lang='lat' dir='ltr'><strong>quarta</strong></span> <span class='ocrx_word' id='word_1_201' title='bbox 1102 2507 1231 2566; x_wconf 89' lang='lat' dir='ltr'><strong>acie</strong></span> <span class='ocrx_word' id='word_1_202' title='bbox 1262 2505 1580 2567; x_wconf 84' lang='lat' dir='ltr'><strong>collocatae</strong></span> <span class='ocrx_word' id='word_1_203' title='bbox 1612 2512 1830 2575; x_wconf 90' lang='lat' dir='ltr'><strong>essent,</strong></span> <span class='ocrx_word' id='word_1_204' title='bbox 1861 2507 2104 2566; x_wconf 89' lang='lat' dir='ltr'><strong>initium</strong></span> 
     </span>
     <span class='ocr_line' id='line_1_27' title="bbox 182 2589 2106 2670; baseline 0.001 -22"><span class='ocrx_word' id='word_1_205' title='bbox 182 2590 469 2649; x_wconf 86' lang='lat' dir='ltr'><strong>victoriae</strong></span> <span class='ocrx_word' id='word_1_206' title='bbox 511 2590 803 2659; x_wconf 88' lang='lat' dir='ltr'><strong>oriretur,</strong></span> <span class='ocrx_word' id='word_1_207' title='bbox 845 2595 913 2648; x_wconf 92' lang='lat' dir='ltr'><strong>ut</strong></span> <span class='ocrx_word' id='word_1_208' title='bbox 950 2591 1079 2667; x_wconf 91' lang='lat' dir='ltr'><strong>ipse</strong></span> <span class='ocrx_word' id='word_1_209' title='bbox 1121 2592 1182 2650; x_wconf 89' lang='lat' dir='ltr'><strong>in</strong></span> <span class='ocrx_word' id='word_1_210' title='bbox 1213 2590 1596 2652; x_wconf 87' lang='lat' dir='ltr'><strong>cohortandis</strong></span> <span class='ocrx_word' id='word_1_211' title='bbox 1634 2589 1928 2652; x_wconf 86' lang='lat' dir='ltr'><strong>militibus</strong></span> <span class='ocrx_word' id='word_1_212' title='bbox 1966 2607 2106 2670; x_wconf 90' lang='lat' dir='ltr'><strong>pro·</strong></span> 
     </span>
     <span class='ocr_line' id='line_1_28' title="bbox 184 2671 2154 2755; baseline 0 -22"><span class='ocrx_word' id='word_1_213' title='bbox 184 2674 583 2733; x_wconf 82' lang='lat' dir='ltr'><strong>nuntiaverat.</strong></span> <span class='ocrx_word' id='word_1_214' title='bbox 653 2671 740 2732; x_wconf 83' lang='lat' dir='ltr'><strong>Ab</strong></span> <span class='ocrx_word' id='word_1_215' title='bbox 783 2672 879 2733; x_wconf 91' lang='lat' dir='ltr'><strong>his</strong></span> <span class='ocrx_word' id='word_1_216' title='bbox 910 2675 1068 2733; x_wconf 91' lang='lat' dir='ltr'><strong>enim</strong></span> <span class='ocrx_word' id='word_1_217' title='bbox 1111 2676 1373 2753; x_wconf 90' lang='lat' dir='ltr'><strong>primum</strong></span> <span class='ocrx_word' id='word_1_218' title='bbox 1405 2678 1704 2755; x_wconf 82' lang='lat' dir='ltr'><strong>equitatus</strong></span> <span class='ocrx_word' id='word_1_219' title='bbox 1746 2680 1836 2735; x_wconf 89' lang='lat' dir='ltr'><strong>est</strong></span> <span class='ocrx_word' id='word_1_220' title='bbox 1872 2673 2097 2753; x_wconf 89' lang='lat' dir='ltr'><strong>pulsus,</strong></span> <span class='ocrx_word' id='word_1_221' title='bbox 2121 2679 2154 2732; x_wconf 73' lang='grc' dir='ltr'><strong><em>Δ</em></strong></span> 
     </span>
     <span class='ocr_line' id='line_1_29' title="bbox 187 2755 2100 2835; baseline 0.001 -19"><span class='ocrx_word' id='word_1_222' title='bbox 187 2755 260 2816; x_wconf 90' lang='lat' dir='ltr'><strong>ab</strong></span> <span class='ocrx_word' id='word_1_223' title='bbox 321 2756 510 2816; x_wconf 88' lang='lat' dir='ltr'><strong>isdem</strong></span> <span class='ocrx_word' id='word_1_224' title='bbox 567 2757 758 2817; x_wconf 79' lang='lat' dir='ltr'><strong>factae</strong></span> <span class='ocrx_word' id='word_1_225' title='bbox 810 2757 1024 2817; x_wconf 88' lang='lat' dir='ltr'><strong>caedes</strong></span> <span class='ocrx_word' id='word_1_226' title='bbox 1081 2760 1526 2835; x_wconf 86' lang='lat' dir='ltr'><strong>sagittariorum</strong></span> <span class='ocrx_word' id='word_1_227' title='bbox 1586 2777 1653 2819; x_wconf 89' lang='lat' dir='ltr'><strong>ac</strong></span> <span class='ocrx_word' id='word_1_228' title='bbox 1711 2757 2100 2824; x_wconf 82' lang='lat' dir='ltr'><strong>funditorum,</strong></span> 
     </span>
     <span class='ocr_line' id='line_1_30' title="bbox 188 2838 2102 2921; baseline 0.001 -23"><span class='ocrx_word' id='word_1_229' title='bbox 188 2838 263 2898; x_wconf 87' lang='lat' dir='ltr'><strong>ab</strong></span> <span class='ocrx_word' id='word_1_230' title='bbox 312 2840 500 2900; x_wconf 91' lang='lat' dir='ltr'><strong>isdem</strong></span> <span class='ocrx_word' id='word_1_231' title='bbox 550 2841 713 2901; x_wconf 89' lang='lat' dir='ltr'><strong>acies</strong></span> <span class='ocrx_word' id='word_1_232' title='bbox 751 2840 1111 2920; x_wconf 88' lang='lat' dir='ltr'><strong>Pompeiana</strong></span> <span class='ocrx_word' id='word_1_233' title='bbox 1163 2861 1195 2901; x_wconf 87' lang='lat' dir='ltr'><strong>a</strong></span> <span class='ocrx_word' id='word_1_234' title='bbox 1247 2843 1489 2902; x_wconf 89' lang='lat' dir='ltr'><strong>sinistra</strong></span> <span class='ocrx_word' id='word_1_235' title='bbox 1537 2848 1707 2920; x_wconf 89' lang='lat' dir='ltr'><strong>parte</strong></span> <span class='ocrx_word' id='word_1_236' title='bbox 1751 2838 1938 2921; x_wconf 90' lang='lat' dir='ltr'><strong>[erat]</strong></span> <span class='ocrx_word' id='word_1_237' title='bbox 1986 2841 2102 2900; x_wconf 90' lang='lat' dir='ltr'><strong>cir-</strong></span> 
     </span>
     <span class='ocr_line' id='line_1_31' title="bbox 187 2924 2155 3003; baseline -0.001 -21"><span class='ocrx_word' id='word_1_238' title='bbox 187 2925 407 2984; x_wconf 88' lang='lat' dir='ltr'><strong>cumita</strong></span> <span class='ocrx_word' id='word_1_239' title='bbox 456 2931 631 3003; x_wconf 87' lang='lat' dir='ltr'><strong>atque</strong></span> <span class='ocrx_word' id='word_1_240' title='bbox 673 2926 912 2985; x_wconf 90' lang='lat' dir='ltr'><strong>initium</strong></span> <span class='ocrx_word' id='word_1_241' title='bbox 950 2925 1126 3001; x_wconf 81' lang='lat' dir='ltr'><strong>fugae</strong></span> <span class='ocrx_word' id='word_1_242' title='bbox 1169 2924 1408 2985; x_wconf 82' lang='lat' dir='ltr'><strong>factum.</strong></span> <span class='ocrx_word' id='word_1_243' title='bbox 1487 2924 1603 2984; x_wconf 89' lang='lat' dir='ltr'><strong>Sed</strong></span> <span class='ocrx_word' id='word_1_244' title='bbox 1644 2924 1993 3002; x_wconf 88' lang='lat' dir='ltr'><strong>Pompeius,</strong></span> <span class='ocrx_word' id='word_1_245' title='bbox 2035 2930 2155 2983; x_wconf 82' lang='lat' dir='ltr'><strong>ut5</strong></span> 
     </span>
     <span class='ocr_line' id='line_1_32' title="bbox 187 3007 2106 3088; baseline -0.001 -21"><span class='ocrx_word' id='word_1_246' title='bbox 187 3009 514 3085; x_wconf 89' lang='lat' dir='ltr'><strong>equitatum</strong></span> <span class='ocrx_word' id='word_1_247' title='bbox 566 3027 737 3070; x_wconf 90' lang='lat' dir='ltr'><strong>suum</strong></span> <span class='ocrx_word' id='word_1_248' title='bbox 788 3008 1027 3088; x_wconf 90' lang='lat' dir='ltr'><strong>pulsum</strong></span> <span class='ocrx_word' id='word_1_249' title='bbox 1076 3008 1227 3069; x_wconf 85' lang='lat' dir='ltr'><strong>vidit</strong></span> <span class='ocrx_word' id='word_1_250' title='bbox 1277 3014 1454 3087; x_wconf 89' lang='lat' dir='ltr'><strong>atque</strong></span> <span class='ocrx_word' id='word_1_251' title='bbox 1500 3026 1630 3069; x_wconf 90' lang='lat' dir='ltr'><strong>eam</strong></span> <span class='ocrx_word' id='word_1_252' title='bbox 1689 3014 1949 3086; x_wconf 89' lang='lat' dir='ltr'><strong>partem,</strong></span> <span class='ocrx_word' id='word_1_253' title='bbox 2010 3007 2106 3066; x_wconf 91' lang='lat' dir='ltr'><strong>cui</strong></span> 
     </span>
     <span class='ocr_line' id='line_1_33' title="bbox 185 3090 2104 3235; baseline -0.001 -83"><span class='ocrx_word' id='word_1_254' title='bbox 185 3095 439 3235; x_wconf 49' lang='lat' dir='ltr'><strong>nffxime</strong></span> <span class='ocrx_word' id='word_1_255' title='bbox 481 3092 831 3163; x_wconf 83' lang='lat' dir='ltr'><strong>confidebat,</strong></span> <span class='ocrx_word' id='word_1_256' title='bbox 872 3095 1260 3172; x_wconf 90' lang='lat' dir='ltr'><strong>perterritam</strong></span> <span class='ocrx_word' id='word_1_257' title='bbox 1304 3092 1750 3160; x_wconf 87' lang='lat' dir='ltr'><strong>animadvertit,</strong></span> <span class='ocrx_word' id='word_1_258' title='bbox 1797 3090 1931 3151; x_wconf 90' lang='lat' dir='ltr'><strong>aliis</strong></span> <span class='ocrx_word' id='word_1_259' title='bbox 1960 3107 2104 3166; x_wconf 90' lang='lat' dir='ltr'><strong>quo-</strong></span> 
     </span>
     <span class='ocr_line' id='line_1_34' title="bbox 185 3176 2103 3256; baseline -0.002 -20"><span class='ocrx_word' id='word_1_260' title='bbox 185 3194 222 3254; x_wconf 87' lang='lat' dir='ltr'><strong>q</strong></span> <span class='ocrx_word' id='word_1_261' title='bbox 268 3195 299 3236; x_wconf 91' lang='lat' dir='ltr'><strong>e</strong></span> <span class='ocrx_word' id='word_1_262' title='bbox 343 3176 573 3238; x_wconf 84' lang='lat' dir='ltr'><strong>diffisus</strong></span> <span class='ocrx_word' id='word_1_263' title='bbox 613 3179 742 3238; x_wconf 87' lang='lat' dir='ltr'><strong>acie</strong></span> <span class='ocrx_word' id='word_1_264' title='bbox 787 3178 1044 3238; x_wconf 87' lang='lat' dir='ltr'><strong>excessit</strong></span> <span class='ocrx_word' id='word_1_265' title='bbox 1083 3179 1474 3256; x_wconf 90' lang='lat' dir='ltr'><strong>protinusque</strong></span> <span class='ocrx_word' id='word_1_266' title='bbox 1517 3194 1581 3237; x_wconf 91' lang='lat' dir='ltr'><strong>se</strong></span> <span class='ocrx_word' id='word_1_267' title='bbox 1622 3178 1684 3235; x_wconf 91' lang='lat' dir='ltr'><strong>in</strong></span> <span class='ocrx_word' id='word_1_268' title='bbox 1726 3182 1918 3236; x_wconf 90' lang='lat' dir='ltr'><strong>castra</strong></span> <span class='ocrx_word' id='word_1_269' title='bbox 1949 3190 2103 3254; x_wconf 91' lang='lat' dir='ltr'><strong>equo</strong></span> 
     </span>
     <span class='ocr_line' id='line_1_35' title="bbox 187 3258 2104 3340; baseline 0.001 -22"><span class='ocrx_word' id='word_1_270' title='bbox 187 3258 433 3321; x_wconf 90' lang='lat' dir='ltr'><strong>contulit</strong></span> <span class='ocrx_word' id='word_1_271' title='bbox 473 3269 534 3322; x_wconf 88' lang='lat' dir='ltr'><strong>et</strong></span> <span class='ocrx_word' id='word_1_272' title='bbox 572 3262 650 3322; x_wconf 88' lang='lat' dir='ltr'><strong>iis</strong></span> <span class='ocrx_word' id='word_1_273' title='bbox 694 3261 1175 3330; x_wconf 90' lang='lat' dir='ltr'><strong>centurionibus,</strong></span> <span class='ocrx_word' id='word_1_274' title='bbox 1221 3278 1368 3340; x_wconf 90' lang='lat' dir='ltr'><strong>quos</strong></span> <span class='ocrx_word' id='word_1_275' title='bbox 1411 3262 1474 3320; x_wconf 90' lang='lat' dir='ltr'><strong>in</strong></span> <span class='ocrx_word' id='word_1_276' title='bbox 1518 3262 1772 3320; x_wconf 87' lang='lat' dir='ltr'><strong>statione</strong></span> <span class='ocrx_word' id='word_1_277' title='bbox 1814 3259 1886 3319; x_wconf 92' lang='lat' dir='ltr'><strong>ad</strong></span> <span class='ocrx_word' id='word_1_278' title='bbox 1931 3276 2104 3337; x_wconf 86' lang='lat' dir='ltr'><strong>prae-</strong></span> 
     </span>
     <span class='ocr_line' id='line_1_36' title="bbox 190 3342 2102 3426; baseline 0.003 -25"><span class='ocrx_word' id='word_1_279' title='bbox 190 3347 396 3405; x_wconf 86' lang='lat' dir='ltr'><strong>toriam</strong></span> <span class='ocrx_word' id='word_1_280' title='bbox 455 3353 685 3424; x_wconf 89' lang='lat' dir='ltr'><strong>portam</strong></span> <span class='ocrx_word' id='word_1_281' title='bbox 734 3352 1042 3426; x_wconf 90' lang='lat' dir='ltr'><strong>posuerat,</strong></span> <span class='ocrx_word' id='word_1_282' title='bbox 1097 3346 1287 3413; x_wconf 90' lang='lat' dir='ltr'><strong>clare,</strong></span> <span class='ocrx_word' id='word_1_283' title='bbox 1342 3351 1411 3405; x_wconf 90' lang='lat' dir='ltr'><strong>ut</strong></span> <span class='ocrx_word' id='word_1_284' title='bbox 1460 3345 1683 3405; x_wconf 88' lang='lat' dir='ltr'><strong>milites</strong></span> <span class='ocrx_word' id='word_1_285' title='bbox 1734 3342 2102 3407; x_wconf 86' lang='lat' dir='ltr'><strong>axaudirent.</strong></span> 
     </span>
     <span class='ocr_line' id='line_1_37' title="bbox 189 3420 2109 3509; baseline 0.002 -25"><span class='ocrx_word' id='word_1_286' title='bbox 189 3420 481 3491; x_wconf 77' lang='lat' dir='ltr'><strong>Tuemini</strong></span> <span class='ocrx_word' id='word_1_287' title='bbox 493 3475 511 3506; x_wconf 92' lang='lat'><strong>,</strong></span> <span class='ocrx_word' id='word_1_288' title='bbox 552 3432 777 3509; x_wconf 90' lang='lat' dir='ltr'><strong>inquit,</strong></span> <span class='ocrx_word' id='word_1_289' title='bbox 824 3431 1037 3491; x_wconf 80' lang='lat' dir='ltr'><strong>castra</strong></span> <span class='ocrx_word' id='word_1_290' title='bbox 1066 3430 1122 3491; x_wconf 78' lang='lat' dir='ltr'><strong>et</strong></span> <span class='ocrx_word' id='word_1_291' title='bbox 1149 3425 1453 3506; x_wconf 81' lang='lat' dir='ltr'><strong>defendite</strong></span> <span class='ocrx_word' id='word_1_292' title='bbox 1481 3426 1824 3507; x_wconf 67' lang='lat' dir='ltr'><strong>daiyenter,</strong></span> <span class='ocrx_word' id='word_1_293' title='bbox 1865 3424 1925 3488; x_wconf 82' lang='lat' dir='ltr'><strong>si</strong></span> <span class='ocrx_word' id='word_1_294' title='bbox 1953 3424 2109 3505; x_wconf 74' lang='lat' dir='ltr'><strong>quid</strong></span> 
     </span>
     <span class='ocr_line' id='line_1_38' title="bbox 187 3506 2104 3592; baseline 0.003 -25"><span class='ocrx_word' id='word_1_295' title='bbox 187 3506 409 3574; x_wconf 77' lang='lat' dir='ltr'><strong>durius</strong></span> <span class='ocrx_word' id='word_1_296' title='bbox 437 3511 748 3576; x_wconf 77' lang='lat' dir='ltr'><strong>acciderit.</strong></span> <span class='ocrx_word' id='word_1_297' title='bbox 822 3510 961 3592; x_wconf 74' lang='lat' dir='ltr'><strong>Eyo</strong></span> <span class='ocrx_word' id='word_1_298' title='bbox 1002 3510 1282 3591; x_wconf 76' lang='lat' dir='ltr'><strong>reliquas</strong></span> <span class='ocrx_word' id='word_1_299' title='bbox 1309 3514 1535 3592; x_wconf 76' lang='lat' dir='ltr'><strong>portas</strong></span> <span class='ocrx_word' id='word_1_300' title='bbox 1573 3511 1876 3575; x_wconf 81' lang='lat' dir='ltr'><strong>circumeo</strong></span> <span class='ocrx_word' id='word_1_301' title='bbox 1905 3512 1964 3574; x_wconf 82' lang='lat' dir='ltr'><strong>et</strong></span> <span class='ocrx_word' id='word_1_302' title='bbox 2002 3529 2104 3572; x_wconf 86' lang='lat' dir='ltr'><strong>ca-</strong></span> 
     </span>
     <span class='ocr_line' id='line_1_39' title="bbox 186 3594 2157 3677; baseline 0.002 -24"><span class='ocrx_word' id='word_1_303' title='bbox 186 3594 454 3658; x_wconf 78' lang='lat' dir='ltr'><strong>strorum</strong></span> <span class='ocrx_word' id='word_1_304' title='bbox 483 3596 819 3677; x_wconf 75' lang='lat' dir='ltr'><strong>praesidia</strong></span> <span class='ocrx_word' id='word_1_305' title='bbox 849 3594 1163 3676; x_wconf 73' lang='lat' dir='ltr'><strong>confirmo·</strong></span> <span class='ocrx_word' id='word_1_306' title='bbox 1224 3597 1385 3657; x_wconf 88' lang='lat' dir='ltr'><strong>Haec</strong></span> <span class='ocrx_word' id='word_1_307' title='bbox 1431 3616 1566 3659; x_wconf 92' lang='lat' dir='ltr'><strong>cum</strong></span> <span class='ocrx_word' id='word_1_308' title='bbox 1608 3597 1890 3666; x_wconf 87' lang='lat' dir='ltr'><strong>dixisset,</strong></span> <span class='ocrx_word' id='word_1_309' title='bbox 1933 3614 1996 3656; x_wconf 90' lang='lat' dir='ltr'><strong>se</strong></span> <span class='ocrx_word' id='word_1_310' title='bbox 2039 3597 2100 3657; x_wconf 91' lang='lat' dir='ltr'><strong>in</strong></span> <span class='ocrx_word' id='word_1_311' title='bbox 2127 3607 2157 3656; x_wconf 89' lang='lat'>6</span> 
     </span>
    </p>
   </div>
   <div class='ocr_carea' id='block_1_3' title="bbox 282 3698 1694 3748">
    <p class='ocr_par' dir='ltr' id='par_1_5' title="bbox 282 3698 1694 3748">
     <span class='ocr_line' id='line_1_40' title="bbox 282 3698 1694 3748; baseline 0.003 -5"><span class='ocrx_word' id='word_1_312' title='bbox 282 3708 330 3746; x_wconf 85' lang='lat' dir='ltr'><strong>c.</strong></span> <span class='ocrx_word' id='word_1_313' title='bbox 364 3712 472 3748; x_wconf 70' lang='lat' dir='ltr'><strong>mn.</strong></span> <span class='ocrx_word' id='word_1_314' title='bbox 512 3711 659 3747; x_wconf 63' lang='lat' dir='ltr'><strong>caza.</strong></span> <span class='ocrx_word' id='word_1_315' title='bbox 729 3713 784 3748; x_wconf 88' lang='lat'><strong>11.</strong></span> <span class='ocrx_word' id='word_1_316' title='bbox 1661 3698 1694 3747; x_wconf 84' lang='lat'>8</span> 
     </span>
    </p>
   </div>
  </div>
 </body>
</html>
