2750 4255
741 316 968 376 COMM,
995 317 1038 375 Ι.
1083 317 1238 375 OAP.
1265 316 1660 379 LXV—LXX.
2076 311 2162 378 33

194 493 411 566 <atque
453 485 805 563 Octogesam
845 483 1261 564 pertinebant,
1307 486 1523 545 castris
1563 483 1827 545 hostium
1869 485 2160 564 oppositis

204 569 617 631 tenebantur.
674 568 798 648 lpsi
823 575 998 629 erant
1027 567 1534 629 transcendendae
1557 567 1739 629 valles
1766 571 2057 630 maximae
2088 587 2158 629 ac
2179 576 2212 625 2

207 654 643 722 difficillimae,
670 670 809 713 saxa
833 653 1037 714 multis
1065 652 1215 713 locis
1233 658 1560 732 praerupta
1590 653 1711 713 iter
1731 651 2158 732 impediebant,

209 748 296 800 ut
330 757 498 799 arma
526 755 637 817 per
665 754 877 798 manus
905 739 1248 798 necessario
1277 736 1660 797 traderentur
1693 737 2037 817 militesque
2066 738 2161 797 in·

209 824 387 884 ermi
429 820 839 900 sublevatique
892 820 994 881 alii
1036 819 1110 882 ab
1153 821 1285 881 aliis
1323 838 1600 898 magnam
1644 828 1876 900 partem
1924 822 2164 882 itineris

210 907 616 969 conficerent.
700 904 818 965 Sed
858 904 1017 965 hunc
1057 903 1328 965 laborem
1366 904 1687 966 recusabat
1736 923 1945 975 nemo,
2000 904 2159 984 quod
2181 912 2214 961 3

217 1009 376 1052 eum
404 992 673 1051 omnium
700 987 974 1050 laborum
994 989 1173 1050 finem
1202 989 1330 1049 fore
1363 988 1814 1060 existimabant,
1848 992 1898 1051 si
1931 989 2163 1050 hostem

219 1074 464 1137 Hibero
494 1073 896 1134 intercludere
928 1081 989 1133 et
1016 1073 1319 1134 frumento
1348 1072 1673 1152 prohibere
1702 1074 2056 1153 potuissent.

364 1158 647 1219 LXVIIII.
718 1161 802 1218 Ac
840 1160 1038 1236 primo
1076 1156 1386 1218 Afraniani
1437 1157 1662 1219 milites
1698 1158 1960 1219 visendi-
1980 1174 2160 1219 causa
2184 1165 2213 1215 1

225 1244 379 1305 laeti
432 1260 505 1302 ex
526 1244 762 1303 castris
809 1240 1250 1321 procurrebant
1299 1242 1865 1321 contumeliosisque
1917 1241 2164 1303 vocibus

227 1325 784 1409 prosequebantur:
829 1327 1157 1387 necessarii
1197 1328 1393 1387 victus
1430 1329 1636 1406 inopia
1680 1333 1916 1387 coactos
1952 1327 2196 1404 fugere·

231 1419 417 1492 atque
449 1411 523 1471 ad
553 1409 807 1470 Ilerdam
836 1412 1079 1470 reverti.
1139 1410 1286 1472 Erat
1313 1410 1475 1471 enim
1515 1413 1636 1471 iter
1665 1429 1698 1470 a
1738 1413 2043 1489 proposito
2072 1410 2161 1471 di·

230 1512 505 1565 versum,
546 1496 1026 1575 contrariamque
1067 1496 1134 1555 in
1172 1501 1407 1574 partem
1444 1495 1524 1556 iri
1561 1493 1895 1555 videbatur.
1963 1494 2159 1555 Duces
2183 1502 2216 1551 2

233 1598 382 1641 vero
412 1596 621 1640 eorum
651 1578 969 1639 consilium
1013 1597 1188 1640 suum
1232 1577 1511 1640 laudibus
1552 1577 1856 1649 ferebant,
1899 1579 2058 1658 quod
2100 1596 2164 1638 se

239 1666 453 1725 castris
482 1664 849 1734 tenuissent;
894 1663 1264 1744 multumque
1297 1682 1504 1724 eorum
1546 1664 1892 1742 opinionem
1924 1663 2165 1724 adiuva-

238 1749 372 1819 bat,
415 1748 575 1828 quod
617 1749 747 1809 sine
777 1749 1067 1809 iumentis
1108 1748 1678 1828 impedimentisque
1710 1747 1783 1809 ad
1818 1749 1935 1808 iter
1963 1748 2164 1827 profe-

239 1840 370 1894 ctos
407 1830 718 1902 videbant,
771 1838 838 1893 ut
890 1851 1009 1893 non
1063 1850 1238 1912 posse
1291 1835 1557 1912 inopiam
1599 1832 1824 1893 diutius
1866 1834 2164 1897 sustinere

240 1915 630 1978 confiderent.
700 1915 817 1976 Sed
848 1915 953 1977 ubi
993 1917 1279 1996 paulatim
1307 1917 1646 1997 retorqueri
1676 1933 1887 1994 agmen
1918 1916 1991 1975 ad
2022 1916 2161 1976 dex·
2184 1922 2218 1973 8

237 2010 395 2063 tram
424 2007 864 2077 conspexerunt
889 2002 1128 2080 iamque
1158 2003 1383 2080 primos
1413 2018 1699 2081 superare
1727 2001 2038 2078 regionem
2069 2016 2165 2061 ca-

238 2093 502 2149 strorum
534 2085 799 2145 animum
829 2083 1244 2157 adverterunt,
1288 2104 1464 2147 nemo
1493 2093 1623 2147 erat
1652 2085 1800 2146 adeo
1828 2082 2036 2145 tardus
2066 2091 2169 2145 aut

238 2171 478 2248 fugiens
518 2167 770 2239 laboriS,
814 2169 957 2248 quin
998 2171 1198 2231 statim
1238 2173 1452 2231 castris
1493 2170 1831 2231 exeundum
1861 2176 2035 2249 atque
2067 2186 2166 2229 oc·

240 2252 606 2317 currendum
635 2259 894 2353 putaret.
968 2252 1381 2316 conclamatur
1410 2254 1483 2315 ad
1513 2273 1704 2325 arma,
1750 2261 1928 2333 atque
1959 2260 2221 2314 omnese.

240 2340 448 2419 copiae
540 2340 706 2399 aucis
746 2338 1048 2418 praesidio
1077 2338 1308 2400 relictis
1335 2338 1682 2400 cohortibus
1712 2344 1932 2400 exeunt
1971 2345 2166 2399 recto·

240 2441 359 2504 que
391 2423 465 2483 ad
550 2421 786 2483 iberum
820 2425 1040 2484 itinere
1070 2423 1459 2484 contendunt.

369 2505 550 2567 Lxx.
594 2507 786 2568 Erat
769 2525 830 2568 ln
863 2509 1170 2570 celeritate
1202 2526 1375 2569 omne
1406 2510 1669 2587 positum
1692 2516 2012 2577 certamen,
2045 2508 2166 2568 utri
2191 2513 2220 2563 1

241 2593 416 2673 prius
470 2594 773 2670 angustias
821 2599 1171 2672 montesque
1224 2599 1616 2672 occuparent;
1678 2593 1783 2653 sed
1835 2593 2169 2653 exercitum

245 2676 519 2738 Caesaris
566 2678 796 2737 viarum
849 2677 1230 2739 difficultates
1280 2675 1625 2747 tardabant,
1685 2678 1914 2738 Afranii
1966 2678 2169 2755 copias

246 2760 545 2839 equitatus
573 2758 845 2821 Caesaris
883 2763 1208 2841 insequens
1248 2759 1615 2823 morabatur.
1689 2760 1808 2821 Res
1849 2768 2049 2822 tamen
2091 2759 2166 2821 ab
2186 2767 2219 2817 2

247 2843 588 2905 Afranianis
629 2844 749 2903 huc
788 2850 917 2905 erat
957 2848 1297 2907 necessario
1349 2845 1630 2915 deducta,
1684 2853 1778 2916 ut,
1833 2847 1884 2905 si
1935 2846 2171 2924 priores

246 2933 507 2995 monteS,
539 2944 689 3004 quos
726 2927 1037 3005 petebant,
1081 2931 1448 3006 attigissent,
1492 2932 1613 3009 ipsi
1642 2927 1977 3007 periculum
2020 2930 2167 2987 vita·

247 3017 410 3080 rent,
452 3010 878 3088 impedimenta
906 3014 1092 3073 totius
1123 3015 1423 3073 exercitus
1450 3013 1830 3092 cohortisque
1860 3013 1924 3072 in
1954 3012 2171 3071 castris

247 3094 490 3155 relictas
519 3110 758 3154 servare
785 3112 905 3155 non
945 3101 1219 3173 possent;
1261 3095 1482 3176 quibus
1523 3096 1866 3157 interclusis
1901 3096 2170 3155 exercitu

249 3178 522 3239 Caesaris
560 3177 845 3239 auxilium
885 3180 1035 3240 ferri
1084 3179 1249 3241 nulla
1289 3182 1521 3241 ratione
1572 3183 1823 3258 poterat.
1898 3177 2169 3239 Consecit
2190 3186 2221 3237 3

247 3264 416 3343 prior
457 3264 574 3323 iter
604 3262 820 3323 Caesar
849 3269 1026 3344 atque
1057 3282 1132 3325 ex
1171 3267 1405 3343 magnis
1433 3262 1688 3343 rupibus
1727 3269 1938 3324 nactus
1977 3262 2169 3342 plani-

247 3350 401 3407 ciem
430 3348 495 3407 in
526 3346 638 3406 hac
667 3353 873 3408 contra
901 3347 1135 3409 hostem
1165 3350 1355 3410 aciem
1384 3348 1649 3409 instruit.
1702 3348 2001 3417 Afranius,
2034 3364 2171 3411 cum

248 3429 322 3491 ab
353 3433 624 3511 equitatu
664 3433 1052 3494 novissimum
1095 3450 1306 3510 agmen
1343 3442 1751 3513 premeretur,
1796 3440 1935 3494 ante
1969 3450 2033 3493 se
2062 3431 2168 3492 ho-

246 3521 396 3575 stem
427 3516 676 3585 videret,
710 3516 923 3578 collem
952 3518 1248 3597 quendam
1277 3525 1490 3579 nactus
1518 3517 1610 3579 ibi
1640 3518 1927 3579 constitit.
1975 3516 2064 3577 Ex
2095 3535 2165 3578 eo
2188 3524 2222 3575 4

246 3598 374 3660 loco
405 3612 516 3661 1111
546 3607 905 3663 cetratorum
938 3602 1204 3664 cohortis
1230 3605 1295 3663 in
1326 3609 1609 3675 montem,
1640 3606 1744 3683 qui
1777 3611 1905 3663 erat
1935 3604 1997 3664 in
2028 3620 2169 3663 con·

344 3713 391 3750 c.
425 3714 532 3752 mr..
569 3714 711 3752 ems.
768 3715 826 3753 11.
1732 3707 1766 3755 3
