2750 4255
558 277 787 334 coMM.
816 277 887 334 Π.
931 277 1084 334 cAP.
1112 277 1810 335 xxxvmi-xxxxm
2065 242 2150 340 65

223 462 472 505 currere
513 450 576 504 et
615 461 815 505 casum
857 443 1060 504 subire
1101 450 1294 503 tutum
1336 443 1669 504 videbatur.
1733 443 2006 505 Hostium
2048 463 2144 505 co·
2167 450 2200 500 ¹1

223 532 362 609 piae
405 529 738 589 summissis
777 527 852 587 ab
894 544 1036 605 rege
1074 528 1320 588 auxiliis
1349 526 1565 588 crebro
1595 527 1995 605 augebantur3
2040 547 2146 588 no-

226 621 385 673 stros
427 614 590 673 vires
628 611 977 672 lassitudine
1017 610 1403 684 deficiebant,
1448 611 1624 672 simul
1653 614 1728 681 ii,
1770 614 1874 690 qui
1902 612 2147 673 vulnera

225 703 611 775 acceperant,
655 713 848 775 neque
891 697 1018 756 acie
1063 695 1354 756 excedere
1397 713 1593 776 neque
1633 695 1925 756 inlocum
1954 702 2148 756 tutum

226 782 445 841 referri
476 787 773 859 poterant,
805 779 962 859 quod
992 786 1115 839 tota
1137 781 1298 839 acies
1319 781 1589 858 equitatu
1606 779 1867 839 bostium
1891 783 2147 840 circum-

225 865 361 926 data
390 864 727 925 tenebatur.
786 863 863 924 Hi
895 863 967 924 de
999 881 1104 924 sua
1134 863 1321 943 salute
1350 863 1752 942 desperantes,
1787 871 1852 924 ut
1881 872 2146 925 extremo
2165 872 2201 922 8

223 949 380 1009 vitae
410 956 679 1027 tempore
707 948 983 1008 homines
1010 949 1210 1008 facere
1241 955 1621 1017 consuerunt,
1659 956 1759 1008 aut
1790 966 1956 1008 suam
1987 966 2146 1009 mor-

224 1041 347 1093 tem
385 1031 828 1093 miserabantur
869 1039 970 1093 aut
1008 1037 1289 1111 parentes
1331 1049 1471 1091 suos
1510 1031 2033 1102 commendabant,
2094 1034 2147 1092 si

225 1135 374 1196 quos
403 1135 477 1177 ex
506 1135 577 1177 eo
597 1116 865 1195 periculo
887 1117 1126 1176 fortuna
1149 1133 1387 1175 servare
1410 1118 1723 1194 potuisset.
1770 1115 1953 1176 Plena
1977 1124 2147 1177 erant

225 1202 420 1262 omnia
448 1203 682 1261 timoris
717 1208 777 1261 et
804 1200 1019 1261 luctus·

350 1284 646 1345 XXXXII.
693 1285 892 1354 Curio,
923 1283 1032 1345 ubi
1055 1284 1396 1362 perterritis
1418 1283 1693 1344 omnibus
1713 1302 1908 1364 neque
1933 1285 2143 1345 cobor—
2169 1295 2196 1343 1

222 1372 481 1431 tationes
509 1386 646 1428 suas
672 1385 865 1446 neque
895 1386 1104 1447 preces
1133 1367 1328 1428 audiri
1358 1367 1685 1446 intellegit,
1733 1387 1942 1438 unam,
1986 1376 2055 1428 ut
2081 1371 2147 1428 in

223 1456 462 1514 miseris
490 1451 695 1522 rebuS,
735 1469 902 1530 spem
929 1453 1216 1532 reliquam
1247 1453 1456 1513 salutis
1488 1469 1616 1512 esse
1648 1452 1976 1514 arbitratus
2004 1472 2147 1532 pro-

222 1539 414 1598 ximos
456 1537 635 1597 colles
675 1553 888 1616 capere
929 1540 1240 1598 universos
1279 1543 1455 1617 atque
1500 1554 1572 1596 eo
1613 1539 1779 1614 signa
1810 1538 2024 1598 inferri
2052 1539 2145 1598 iu-

223 1621 345 1682 bet.
404 1621 527 1681 Hos
555 1639 789 1701 quoque
818 1628 1218 1700 praeoccupat
1239 1622 1455 1681 missus
1476 1639 1509 1680 a
1539 1619 1802 1682 Saburra
1826 1623 2144 1701 equitatus,

223 1705 374 1765 Tum
415 1723 558 1765 vero
600 1705 673 1764 ad
715 1723 1001 1766 summam
1042 1707 1516 1784 desperationem
1559 1706 1747 1765 nostri
1791 1707 2201 1784 perveniunt2

224 1795 284 1848 et
310 1791 533 1868 partim
560 1789 858 1865 fugientes
887 1788 961 1848 ab
994 1791 1259 1869 equitatu
1289 1791 1757 1858 interficiuntur,
1804 1792 2022 1868 partim
2052 1792 2141 1849 in·

223 1875 380 1950 tegri
436 1871 858 1951 procumbunt.
958 1872 1247 1932 Hortatur
1297 1872 1618 1933 Curionem
1672 1873 1777 1933 Cn.
1832 1872 2143 1941 Domitius,
2166 1881 2199 1930 3

218 1956 562 2038 praefectus
592 1957 888 2035 equitum,
932 1972 1069 2015 cum
1110 1956 1318 2033 paucis
1347 1954 1651 2034 equitibus
1680 1959 2144 2024 circumsistens,

221 2049 289 2101 ut
316 2041 458 2117 fuga
488 2038 738 2100 salutem
767 2045 934 2117 petat
960 2047 1136 2118 atque
1165 2041 1229 2098 in
1261 2044 1455 2098 castra
1484 2038 1829 2107 contendat,
1874 2046 1934 2099 et
1976 2057 2039 2099 se
2071 2039 2145 2100 ab

222 2145 294 2186 eo
336 2144 455 2186 non
500 2123 904 2185 discessurum
946 2123 1279 2204 pollicetur.
1361 2123 1437 2184 At
1476 2122 1653 2184 Curio
1707 2142 2027 2203 numquam
2080 2142 2144 2184 se
2166 2132 2202 2181 4

221 2212 440 2270 amisso
481 2211 782 2278 exercitu,
823 2226 1002 2287 quem
1045 2227 1077 2268 a
1109 2207 1357 2268 Caesare
1400 2206 1538 2267 fidei
1567 2210 1947 2268 commissum
1977 2225 2145 2268 acce-

219 2296 398 2374 perit,
430 2295 493 2353 in
525 2296 657 2354 eius
684 2299 1069 2372 conspectum
1098 2310 1481 2352 reversurum
1504 2293 1831 2362 confirmat,
1864 2300 2038 2373 atque
2063 2294 2146 2352 ita

219 2377 525 2457 proelians
552 2379 931 2438 interficitur.
999 2377 1247 2456 Equites
1277 2394 1350 2436 ex
1379 2376 1609 2454 proelio
1639 2380 1924 2456 perpauci
1955 2395 2017 2437 se
2048 2395 2144 2437 re·
2165 2383 2198 2434 ὅ

220 2463 486 2541 cipiunt;
545 2462 649 2522 sed
700 2464 776 2530 ii,
831 2480 980 2541 quos
1029 2462 1101 2521 ad
1151 2462 1541 2522 novissimum
1595 2478 1804 2539 agmen
1856 2479 2145 2542 equorum

218 2544 679 2606 reficiendorum
721 2563 895 2607 causa
939 2544 1278 2606 substitisse
1320 2544 1789 2607 demonstratum
1830 2553 1949 2615 est,
2006 2547 2143 2622 fuga

219 2630 407 2688 totius
437 2631 734 2689 exercitus
763 2630 973 2708 procul
1003 2629 1413 2691 animadversa
1444 2647 1574 2690 sese
1603 2630 1932 2690 incolumes
1958 2632 2022 2690 in
2047 2647 2144 2689 ca-

221 2720 347 2773 stra
378 2714 711 2774 conferunt.
771 2714 991 2775 Milites
1018 2714 1091 2774 ad
1120 2732 1306 2774 unum
1337 2732 1545 2774 omnes
1574 2715 2036 2775 interficiuntur.

350 2795 674 2857 XXXXIII.
729 2796 835 2857 His
863 2797 1046 2858 rebus
1075 2800 1331 2875 cognitis
1358 2797 1618 2857 Marcius
1646 2797 1836 2857 Rufus
1863 2804 2142 2876 quaestor
2164 2806 2192 2854 1

222 2880 281 2940 in
327 2882 542 2940 castris
582 2881 829 2940 relictus
870 2899 903 2940 a
934 2881 1189 2942 Curione
1231 2880 1578 2941 cohortatur
1618 2898 1787 2949 suos,
1833 2899 1907 2940 ne
1950 2882 2145 2941 animo

223 2965 523 3024 deficiant.
583 2964 675 3024 Illi
707 2971 875 3024 orant
905 2970 1081 3043 atque
1113 2963 1457 3033 obsecrant,
1496 2971 1562 3023 ut
1591 2965 1654 3022 in
1685 2962 1951 3023 Siciliam
1980 2966 2145 3024 navi-

222 3048 337 3108 bus
365 3054 767 3128 reportentur.
814 3046 1140 3107 Pollicetur
1162 3049 1580 3126 magistrisque
1603 3049 1857 3125 imperat
1885 3048 2143 3117 navium,

221 3141 290 3192 ut
328 3135 523 3211 primo
565 3149 813 3211 vespere
855 3149 1059 3192 omnes
1100 3132 1348 3210 scaphas
1398 3131 1471 3191 ad
1523 3131 1664 3191 litus
1715 3132 1988 3210 adpulsas
2040 3130 2144 3191 ha-

224 3215 423 3277 beant.
485 3216 601 3277 Sed
633 3222 834 3275 tantus
861 3216 979 3276 fuit
1007 3217 1270 3275 omnium
1301 3221 1531 3285 terror,
1576 3221 1645 3275 ut
1674 3214 1774 3275 alii
1805 3215 2013 3275 adesse
2044 3233 2142 3276 co·
2164 3224 2198 3273 2

224 3302 356 3379 pias
392 3300 573 3361 Iubae
616 3299 916 3370 dicerent,
978 3299 1078 3360 alii
1119 3317 1256 3359 cum
1294 3298 1629 3377 legionibus
1665 3301 1886 3360 instare
1927 3300 2146 3361 Varum

223 3386 458 3462 iamque
491 3402 554 3445 se
584 3384 888 3464 pulverem
922 3385 1285 3444 venientium
1326 3402 1605 3455 cernere,
1647 3402 1895 3463 quarum
1938 3402 2143 3445 rerum

224 3466 376 3527 nibil
406 3471 647 3528 omnino
678 3468 1006 3538 acciderat,
1040 3468 1140 3529 alii
1170 3468 1419 3529 classem
1448 3468 1707 3529 hostium
1738 3468 2013 3529 celeriter
2043 3470 2144 3529 ad-

225 3550 551 3612 volaturam
582 3554 1053 3631 suspicarentur.
1122 3552 1324 3635 Itaque
1354 3554 1692 3632 perterritis
1724 3552 1995 3614 omnibus
2026 3554 2144 3614 sibi

326 3664 373 3698 ο.
407 3665 513 3701 mt..
548 3664 690 3700 cuis.
747 3666 806 3701 n.
1708 3654 1743 3698 5
