2750 4255
713 289 939 348 COMM.
968 290 1066 348 111.
1108 289 1261 347 CAP.
1289 291 1762 348 LXVII—LXXI.
2081 285 2199 352 101

282 457 603 527 seclusum,
633 463 868 518 terrore
890 458 1160 536 equitum
1180 457 1610 526 animadverso,
1635 475 1711 517 ne
1740 458 1900 518 intra
1920 459 2203 519 munitio·

283 561 423 604 nem
452 543 916 621 opprimeretur,
949 558 1020 601 ea
1042 547 1239 620 parte,
1281 558 1462 621 quam
1493 548 1834 620 proruerat,
1876 559 2007 602 sese
2047 543 2202 602 reci·

282 626 508 708 piebat,
540 644 609 687 ac
636 625 908 705 plerique
941 643 1012 685 ex
1036 625 1152 694 his,
1193 642 1269 685 ne
1299 626 1363 685 in
1395 627 1700 703 angustias
1743 624 2099 695 inciderent,
2128 641 2206 688 εει·

281 725 332 771 x
371 711 594 790 pedum
634 712 966 771 munitione
997 727 1060 770 se
1101 711 1164 769 in
1193 710 1385 770 fossas
1423 708 1916 789 praecipitabant,
1959 711 2204 788 primis-

283 812 400 875 que
453 796 758 873 oppressis
807 793 1026 872 reliqui
1080 811 1191 872 per
1238 793 1456 855 horum
1494 811 1745 873 corpora
1786 793 2037 854 salutem
2087 792 2202 854 sibi

282 887 460 959 atque
501 879 729 939 exitum
768 877 1104 957 pariebant.
1174 876 1434 939 Sinistro
1463 895 1650 938 cornu
1693 877 1932 947 militeS,
1963 895 2098 938 cum
2128 896 2199 937 ex
2222 886 2256 935 4

281 963 435 1024 vallo
472 961 822 1042 Pompeium
862 961 1070 1022 adesse
1098 968 1160 1022 et
1188 979 1327 1023 suos
1366 962 1576 1039 fugere
1616 969 1963 1031 cernerent,
2003 963 2202 1031 veriti,

280 1064 359 1110 ne
390 1049 681 1125 angustiis
708 1046 1286 1116 intercluderentur,
1326 1063 1465 1108 cum
1493 1053 1662 1107 extra
1691 1053 1751 1108 et
1779 1047 1944 1106 intus
1971 1045 2205 1106 hostem

282 1129 596 1200 haberent,
628 1130 856 1201 eodem,
887 1148 1005 1211 quo
1033 1137 1338 1199 venerant,
1371 1138 1618 1210 receptu
1647 1129 1765 1191 sibi
1796 1128 2203 1199 consulebant,

282 1217 599 1295 omniaque
629 1222 802 1275 erant
835 1214 1141 1284 tumultus,
1185 1216 1440 1284 timoris,
1482 1215 1659 1292 fugae
1689 1213 1884 1293 plena,
1931 1214 2079 1276 adeo
2114 1222 2201 1284 ut,

283 1318 419 1361 cum
451 1299 668 1361 Caesar
708 1300 879 1376 signa
917 1299 1274 1377 fugientium
1316 1316 1497 1368 manu
1534 1299 1858 1378 prenderet
1900 1305 1962 1359 et
2002 1300 2203 1358 consi-

284 1392 444 1445 stere
471 1382 726 1449 iuberet,
752 1379 852 1440 alii
878 1381 1140 1446 dimissis
1159 1388 1309 1445 locis
1324 1386 1536 1460 aequis
1560 1382 1765 1443 eodem
1791 1400 1971 1443 cursu
1998 1379 2167 1463 [con-
2169 1378 2199 1461 ]

282 1469 590 1546 sugerent,
633 1465 737 1529 alii
771 1462 906 1547 [ex]
938 1473 1101 1527 metu
1131 1467 1315 1526 etiam
1355 1468 1525 1543 signa
1567 1465 1965 1537 dimitterent,
2008 1483 2204 1545 neque

284 1554 602 1633 quisquam
632 1553 873 1612 omnino
902 1552 1279 1611 consisteret.

408 1636 584 1697 LXX.
655 1636 763 1715 His
800 1637 983 1696 tantis
1020 1634 1193 1695 malis
1241 1634 1391 1695 haec
1429 1633 1699 1695 subsidia
1750 1632 2198 1704 succurrebant,
2227 1643 2256 1695 ι

283 1738 400 1801 quo
432 1722 628 1781 minus
657 1721 853 1780 omnis
881 1718 1184 1780 deleretur
1214 1720 1534 1788 exercituS,
1566 1718 1724 1798 quod
1752 1719 2069 1800 Pompeius
2111 1721 2204 1779 in-

282 1805 469 1865 sidias
497 1806 735 1873 timens,
767 1803 968 1874 credo,
999 1803 1160 1882 quod
1199 1803 1348 1863 haec
1377 1809 1619 1882 praeter
1657 1821 1826 1883 spem
1863 1803 2208 1863 acciderant

282 1891 445 1958 eius,
488 1889 591 1966 qui
631 1887 809 1965 paulo
849 1894 986 1949 ante
1019 1906 1093 1947 ex
1120 1888 1338 1947 castris
1365 1887 1666 1964 fugientes
1708 1903 1849 1948 suos
1877 1904 2204 1965 conspexe-

281 1979 407 2041 rat,
449 1970 884 2032 munitionibus
922 1972 1405 2052 adpropinquare
1449 1969 1810 2049 aliquamdiu
1862 1988 1981 2031 non
2023 1970 2205 2030 aude-

282 2056 404 2125 bat,
439 2056 790 2135 equitesque
820 2055 951 2116 eius
980 2057 1272 2134 angustiis
1306 2052 1575 2136 [portis]‚
1622 2061 1797 2134 atque
1826 2055 1925 2115 his
1954 2053 2027 2114 ab
2059 2054 2204 2114 Cae-

285 2142 440 2201 saris
479 2138 774 2200 militibus
816 2143 1147 2219 occupatis,
1193 2140 1267 2202 ad
1318 2139 1753 2219 insequendum
1794 2138 2203 2201 tardabantur.

282 2224 373 2285 Ita
401 2241 620 2303 parvae
660 2241 761 2284 res
787 2241 1067 2302 magnum
1105 2227 1170 2285 in
1212 2232 1527 2304 utramque
1573 2231 1808 2304 partem
1835 2231 2198 2284 momentum
2225 2234 2257 2283 2

281 2308 641 2369 habuerunt.
711 2307 1072 2370 Munitiones
1101 2311 1263 2369 enim
1303 2327 1337 2369 a
1367 2311 1582 2370 castris
1621 2308 1693 2369 ad
1734 2307 1956 2369 flumen
1985 2308 2204 2386 perdu-

283 2400 412 2454 ctae
445 2394 799 2471 expugnatis
826 2393 943 2452 iam
975 2394 1188 2453 castris
1216 2391 1465 2473 Pompei
1505 2394 1809 2472 propriam
1839 2391 2206 2472 expeditam-

282 2494 400 2555 que
433 2476 704 2537 Caesaris
734 2478 1043 2537 victoriam
1071 2477 1633 2556 Interpellaverunt,
1676 2477 1882 2538 eadem
1921 2493 2020 2537 res
2049 2476 2205 2537 cele-

281 2562 461 2621 ritate
492 2562 937 2640 insequentium
967 2560 1197 2621 tardata
1226 2563 1451 2622 nostris
1479 2561 1728 2622 salutem
1759 2560 1977 2621 attulit.

408 2643 617 2705 LXXI.
676 2644 921 2705 Duobus
947 2644 1045 2705 his
1073 2646 1251 2705 unius
1280 2645 1403 2706 diei
1446 2645 1693 2726 proeliis
1723 2645 1940 2705 Caesar
1968 2643 2200 2704 deside·
2228 2652 2257 2703 1

281 2730 436 2789 ravit
477 2727 703 2789 milites
742 2739 1066 2789 Dcccchx
1095 2737 1156 2790 et
1194 2727 1426 2808 equites
1457 2774 1648 2791 .....
1681 2728 2038 2788 Tuticanum
2069 2728 2204 2789 Gal-

279 2813 423 2883 lum,
455 2814 752 2873 senatoris
779 2812 1001 2881 filium,
1047 2820 1218 2874 notos
1247 2816 1482 2893 equites
1509 2813 1804 2873 Romanos
1839 2812 1898 2877 C.
1929 2811 2205 2889 Flegina-

278 2905 403 2959 tem
432 2895 754 2966 Placentia,
785 2898 853 2957 A.
887 2897 1175 2958 Granium
1202 2896 1487 2966 Puteolis,
1529 2897 1606 2958 M.
1640 2897 2066 2957 Sacrativirum
2096 2896 2205 2957 Ca·

279 2998 419 3061 pua,
461 2980 738 3041 tribunos
767 2980 1025 3042 militum
1054 2988 1115 3041 et
1152 2982 1537 3042 centuriones
1563 2993 1797 3051 xxxn3
1839 2980 1944 3041 sed
1986 2979 2200 3040 horum
2225 2988 2258 3038 Β

281 3064 547 3127 omnium
576 3082 716 3144 pars
745 3082 957 3143 magna
1001 3067 1066 3125 in
1106 3065 1285 3126 fossis
1312 3064 1865 3144 munitionibusque
1907 3070 1968 3125 et
2008 3064 2205 3124 flumi-

280 3151 377 3209 nis
416 3150 568 3227 ripis
609 3166 894 3228 oppressa
933 3166 1178 3209 suorum
1226 3149 1292 3209 in
1333 3156 1570 3209 terrore
1617 3167 1684 3209 ac
1730 3150 1870 3227 fuga
1912 3150 2042 3210 sine
2085 3148 2206 3209 ullo

279 3232 525 3293 vulnere
570 3234 839 3304 interiit;
887 3234 1176 3312 signaque
1212 3239 1359 3293 sunt
1395 3231 1680 3292 militaria
1721 3236 1938 3293 amissa
1979 3245 2205 3292 xxxn.

279 3315 602 3396 Pompeius
645 3334 717 3377 eo
754 3316 990 3395 proelio
1033 3318 1363 3396 imperator
1404 3324 1495 3376 est
1534 3316 1878 3395 appellatus.
1941 3316 2067 3377 Hoc
2095 3334 2202 3377 no·
2224 3323 2258 3373 3

280 3418 420 3460 men
451 3402 742 3479 optinuit,
788 3407 964 3478 atque
1007 3402 1091 3460 ita
1123 3418 1187 3462 se
1228 3406 1436 3480 postea
1464 3399 1710 3461 salutari
1761 3417 1972 3499 passus
2010 3418 2205 3479 neque

280 3485 346 3543 in
384 3483 639 3554 litteris,
685 3501 832 3563 quas
870 3481 1141 3544 scribere
1182 3492 1274 3545 est
1318 3484 1561 3554 solitus,
1604 3501 1799 3562 neque
1839 3485 1905 3543 in
1945 3483 2207 3544 fascibus

279 3569 541 3648 insignia
569 3568 810 3629 laureae
845 3567 1150 3647 praetulit.
1209 3570 1286 3629 At
1313 3567 1646 3637 Labienus,
1691 3584 1828 3629 cum
1859 3565 1933 3627 ab
1974 3585 2045 3628 eo
2094 3570 2202 3629 im·
2226 3575 2263 3624 4

2325 3789 2596 3924 ,f
