2750 4255
741 279 968 338 COMM.
997 281 1094 338 111.
1139 281 1292 338 CAP.
1318 281 1711 340 VIIII—XIII.
2101 277 2183 345 73

259 445 395 508 bari
444 454 715 525 possent,
769 465 976 508 omnes
1025 465 1162 508 suas
1207 455 1531 509 terrestres
1570 447 1930 528 urbiumque
1981 451 2184 530 copias

261 529 705 612 dimissurum]

388 614 490 675 XI.
536 614 833 676 Vibullius
861 615 959 676 his
989 617 1278 695 expositis
1311 613 1663 696 [Corcyrae]
1698 634 1818 677 non
1847 619 2047 678 minus
2075 636 2177 679 ne·
2206 628 2234 676 ι

261 701 589 761 cessarium
621 717 751 765 esse
780 701 1156 770 existimavit,
1190 700 1263 760 de
1294 703 1610 781 repentino
1643 701 1895 762 adventu
1920 701 2183 763 Caesaris

259 785 613 863 Pompeium
659 785 793 845 fleri
844 787 1192 854 certiorem,
1246 787 1334 845 uti
1387 785 1457 845 ad
1499 784 1561 845 id
1603 785 1916 846 consilium
1970 804 2183 865 capere
2251 783 2258 792 “

260 875 480 948 posset,
512 874 826 947 antequam
855 868 928 929 de
958 869 1251 930 mandatis
1281 870 1379 947 agi
1401 871 1798 948 inciperetur,
1843 877 2019 949 atque
2049 870 2185 931 ideo

261 955 609 1013 continuato
649 959 822 1013 nocte
863 969 930 1012 ac
981 953 1079 1014 die
1120 955 1339 1013 itinere
1394 963 1570 1032 atque
1617 951 1923 1033 [omnibus
1961 951 2179 1035 copiis]

260 1039 508 1098 mutatis
550 1036 624 1096 ad
664 1036 1032 1097 celeritatem
1073 1040 1358 1098 iumentis
1400 1038 1472 1098 ad
1502 1038 1852 1117 Pompeium
1882 1039 2187 1099 contendit

262 1130 325 1182 et
353 1121 560 1182 adesse
590 1121 902 1182 Caesarem
929 1123 1247 1183 nuntiavit.
1304 1122 1626 1201 Pompeius
1654 1130 1784 1183 erat
1812 1141 1882 1183 eo
1912 1131 2181 1203 tempore
2203 1132 2237 1182 2

260 1208 328 1266 in
360 1205 651 1281 Candavia
692 1206 928 1284 iterque
960 1224 1033 1266 ex
1061 1206 1406 1266 Macedonia
1436 1209 1500 1266 in
1530 1205 1786 1267 hiberna
1815 1205 2184 1286 Apolloniam

261 1289 816 1368 Dyrrhachiumque
846 1289 1121 1352 habebat.
1180 1289 1296 1351 Sed
1319 1307 1387 1351 re
1411 1309 1562 1351 nova
1585 1289 1972 1370 perturbatus
2000 1291 2184 1351 maio-

261 1372 435 1434 ribus
463 1372 788 1434 itineribus
816 1374 1185 1453 Apolloniam
1213 1381 1421 1454 petere
1452 1377 1667 1454 coepit,
1701 1393 1774 1434 ne
1799 1375 2016 1436 Caesar
2046 1393 2184 1436 orae

261 1461 616 1519 maritumae
646 1459 918 1519 civitates
945 1466 1285 1538 occuparet.
1346 1461 1422 1519 At
1449 1459 1550 1520 ille
1574 1460 1860 1538 expositis
1888 1458 2183 1520 militibus
2203 1469 2236 1517 8

263 1543 474 1604 eodem
494 1542 591 1602 die
606 1540 850 1604 Oricum
872 1545 1290 1622 proficiscitur.
1338 1541 1466 1614 Quo
1489 1561 1622 1604 cum
1649 1546 1931 1622 venisset,
1955 1544 2023 1604 L.
2038 1543 2186 1603 Tor-

263 1634 509 1706 quatus,
541 1628 646 1706 qui
674 1629 842 1688 iussu
871 1626 1113 1707 Pompei
1146 1628 1365 1708 oppido
1398 1634 1674 1707 praeerat
1701 1627 2187 1706 praesidiumque

260 1710 354 1772 ibi
384 1711 804 1772 Parthinorum
835 1711 1123 1782 habebat,
1161 1721 1408 1773 conatus
1435 1715 1625 1791 portis
1656 1712 1873 1773 clausis
1902 1713 2189 1791 oppidum

264 1795 623 1864 defendere,
675 1813 810 1855 cum
852 1795 1111 1855 Graecos
1159 1814 1395 1856 murum
1446 1796 1767 1857 ascendere
1809 1805 1983 1875 atque
2025 1814 2188 1856 arma

264 1896 482 1958 capere
512 1877 767 1946 iuberet,
802 1878 888 1938 illi
919 1885 1118 1938 autem
1149 1897 1212 1938 se
1243 1888 1452 1939 contra
1482 1881 1802 1957 imperium
1832 1879 2038 1958 populi
2065 1879 2183 1940 Ro·
2204 1886 2240 1937 4

263 1964 430 2024 mani
473 1970 842 2040 pugnaturos
873 1979 1001 2021 esse
1032 1970 1345 2039 negarent,
1390 1961 1671 2041 oppidani
1709 1960 1968 2042 [autem]
2004 1965 2187 2023 etiam

265 2064 372 2108 sua
425 2051 637 2124 sponte
690 2044 1000 2105 Caesarem
1060 2047 1334 2125 recipere
1402 2052 1791 2115 conarentur,
1856 2045 2189 2125 desperatis

265 2129 543 2192 omnibus
574 2129 810 2190 auxiliis
841 2137 1044 2210 portas
1074 2132 1309 2209 aperuit
1337 2136 1402 2191 et
1429 2148 1493 2190 se
1526 2137 1700 2209 atque
1731 2130 2015 2210 oppidum
2044 2130 2188 2192 Cae-

266 2217 388 2277 sari
427 2214 657 2275 dedidit
685 2214 1121 2293 incolumisque
1153 2214 1227 2275 ab
1259 2232 1330 2275 eo
1360 2222 1743 2276 conservatus
1773 2223 1885 2275 est.

390 2298 519 2359 XII.
590 2298 854 2378 Recepto
905 2299 1122 2361 Caesar
1171 2298 1349 2361 Orico
1400 2298 1561 2359 nulla
1611 2300 1962 2378 interposita
2019 2317 2185 2360 mora
2212 2308 2238 2357 t

265 2383 635 2463 Apolloniam
666 2384 1088 2462 proficiscitur.
1150 2383 1330 2444 Cuius
1360 2384 1615 2445 adventu
1646 2384 1848 2444 audito
1875 2384 1944 2444 L.
1978 2383 2187 2444 Stabe-

230 2485 238 2492 ·
264 2469 421 2537 riuS,
453 2469 558 2547 qui
587 2466 677 2528 ibi
706 2475 1009 2546 praeerat,
1042 2486 1252 2547 aquam
1283 2477 1658 2547 comportare
1687 2470 1751 2529 in
1782 2486 1981 2530 arcem
2012 2475 2189 2547 atque

265 2563 398 2613 eam
427 2553 662 2612 munire
693 2551 1049 2633 obsidesque
1082 2551 1156 2613 ab
1186 2551 1666 2632 Apolloniatibus
1694 2555 1935 2631 exigere
1968 2555 2186 2632 coepit.

264 2634 358 2696 Illi
399 2653 540 2697 vero
583 2635 822 2696 daturos
851 2654 914 2698 se
945 2654 1167 2715 negare
1196 2655 1392 2716 neque
1422 2642 1624 2715 portas
1654 2638 1882 2698 consuli
1910 2638 2183 2716 praeclu-
2208 2646 2239 2693 2

267 2737 459 2789 suroS,
494 2737 690 2798 neque
719 2719 838 2780 sibi
866 2721 1151 2781 iudicium
1182 2728 1524 2801 sumpturos
1554 2726 1762 2782 contra
1792 2728 1967 2800 atque
1996 2724 2190 2781 omnis

264 2802 432 2863 Italia
461 2802 829 2882 populusque
858 2803 1158 2865 Romanus
1187 2804 1591 2865 iudicavisset.
1659 2802 1925 2875 Quorum
1955 2805 2185 2881 cognita
2208 2812 2240 2860 3

266 2886 566 2947 voluntate
599 2886 748 2947 clam
777 2888 1044 2965 profugit
1072 2887 1380 2966 Apollonia
1411 2886 1741 2947 Staberius.
1814 2887 1908 2947 Illi
1941 2886 2011 2947 ad
2045 2887 2188 2948 Cae-

265 2988 462 3032 sarem
490 2969 716 3046 legatos
742 2972 986 3030 mittunt
1013 2970 1349 3049 oppidoque
1378 2972 1697 3049 recipiunt.
1778 2969 1898 3031 Hos
1927 2988 2183 3049 sequun-
2206 2981 2243 3029 Δ

264 3064 364 3115 tur
393 3052 799 3125 Bullidenses,
841 3055 1142 3115 Amantini
1186 3064 1246 3114 et
1285 3053 1551 3132 reliquae
1593 3055 1883 3115 finitimae
1921 3055 2192 3114 civitates

266 3145 504 3219 totaque
533 3137 784 3216 EpiroS,
829 3146 888 3199 et
928 3138 1141 3215 legatis
1183 3138 1255 3198 ad
1287 3138 1857 3209 Caesaremmissis,
1902 3156 2051 3217 quae
2080 3139 2191 3197 im-

266 3230 523 3302 peraret,
557 3223 819 3283 sacturos
846 3221 1222 3304 pollicentur.

390 3305 542 3368 XIII.
603 3307 678 3366 At
726 3306 1047 3385 Pompeius
1097 3308 1353 3384 cognitis
1398 3306 1493 3368 his
1543 3306 1754 3377 rebus,
1815 3325 1969 3387 quae
2018 3313 2187 3367 erant
2213 3316 2241 3364 1

269 3388 431 3450 Orici
466 3397 640 3469 atque
663 3390 1006 3469 Apolloniae
1035 3397 1254 3468 gestae,
1287 3390 1658 3470 Dyrrhachio
1688 3393 1924 3461 timens,
1957 3390 2191 3452 diurnis

268 3492 339 3534 eo
378 3475 805 3553 nocturnisque
847 3473 1172 3535 itineribus
1211 3475 1535 3535 contendit.
1609 3474 1795 3535 Simul
1822 3476 2041 3537 Caesar
2082 3493 2184 3555 ap·
2207 3482 2241 3533 2

264 3560 672 3639 propinquare
703 3557 1041 3621 dicebatur:
1075 3565 1392 3641 tantusque
1411 3568 1609 3621 terror
1630 3560 1844 3621 incidit
1866 3562 1999 3621 eius
2019 3577 2191 3621 exer-
