2750 4255
563 274 650 345 58
1216 277 1313 333 ΒΕ
1355 278 1585 333 BELLO
1631 275 1850 333 CIVILI

513 456 548 505 2
570 465 772 508 rerum
802 444 1136 507 deliberare
1164 446 1406 525 incipit.
1464 444 1651 505 Erant
1680 444 2045 512 sententiae,
2086 459 2239 522 quae
2271 458 2519 503 conan-

567 532 708 593 dum
758 530 1033 592 omnibus
1071 528 1266 590 modis
1305 538 1623 609 castraque
1664 528 1806 589 Vari
1846 525 2242 606 oppugnanda
2282 544 2515 587 cense-

565 623 729 685 rent,
789 615 947 694 quod
997 614 1338 675 huiusmodi
1388 614 1649 674 militum
1688 612 1956 673 consiliis
2006 614 2191 672 otium
2230 613 2513 671 maxime

565 702 930 761 eontrarium
959 717 1091 759 esse
1121 698 1614 760 arbitrarenturt·
1640 704 1941 777 postremo
1978 701 2285 775 praestare
2327 694 2512 755 dice-

566 784 728 854 bant,
759 802 871 863 per
891 785 1175 843 virtutem
1196 785 1260 844 in
1278 800 1477 861 pugna
1500 781 1643 842 belli
1665 783 1965 842 fortunam
1994 781 2280 858 experiri,
2312 796 2513 859 quam

569 870 838 930 desertos
868 877 930 928 et
956 869 1391 927 circumventos
1422 866 1495 926 ab
1526 868 1653 927 suis
1681 866 2096 943 gravissimum
2126 862 2512 943 supplicium

513 963 546 1009 3
571 953 825 1032 perpeti.
894 951 1107 1021 Erant,
1150 954 1253 1030 qui
1284 958 1603 1012 censerent
1642 949 1716 1011 de
1744 952 1922 1010 tertia
1950 948 2151 1025 vigilia
2190 950 2255 1008 in
2286 948 2510 1009 Castra

568 1036 840 1100 Cornelia
879 1035 1311 1106 recedendum,
1366 1043 1434 1096 ut
1473 1037 1697 1096 maiore
1740 1036 1933 1114 spatio
1970 1035 2259 1111 temporis
2299 1034 2506 1093 inter-

566 1125 725 1181 iecto
754 1119 1012 1180 militum
1041 1126 1273 1180 mentes
1303 1127 1684 1188 sanarentur,
1730 1118 1943 1187 simul,
1988 1119 2040 1178 si
2073 1117 2215 1196 quid
2246 1119 2507 1194 gravius

566 1205 912 1274 accidisset,
943 1222 1155 1282 magna
1184 1204 1564 1265 multitudine
1594 1204 1830 1264 navium
1860 1209 1919 1263 et
1946 1204 2135 1262 tutius
2164 1208 2223 1261 et
2251 1202 2507 1263 facilius

566 1292 632 1350 in
662 1288 928 1349 Siciliam
956 1297 1237 1368 receptus
1267 1289 1533 1349 daretur.

517 1384 545 1431 1
695 1373 909 1435 XXXI.
967 1373 1148 1434 Curio
1174 1379 1498 1451 utrumque
1540 1370 1885 1451 improbans
1913 1371 2257 1441 eonsilium,
2303 1389 2503 1451 quan·

567 1467 690 1519 tum
721 1458 897 1518 alteri
927 1459 1256 1518 sententiae
1286 1458 1523 1517 deesset
1550 1458 1763 1526 animi,
1807 1462 2035 1516 tantum
2066 1456 2237 1517 alteri
2277 1473 2500 1534 super-

566 1560 699 1603 esse
729 1540 996 1601 dicebat:
1040 1542 1151 1601 hos
1178 1543 1562 1619 turpissimae
1590 1542 1766 1617 fugae
1795 1542 2089 1601 rationem
2118 1539 2374 1609 habere,
2421 1540 2498 1601 il-

510 1636 543 1684 2
567 1627 656 1686 los
685 1627 866 1685 etiam
895 1626 1102 1702 iniquo
1130 1624 1260 1684 loeo
1289 1623 1692 1685 dimicandum
1715 1631 1945 1703 putare.
1996 1620 2140 1700 Qua
2167 1622 2366 1700 enim,
2396 1627 2497 1685 in-

567 1711 729 1789 quit,
769 1706 1009 1788 fiducia
1035 1710 1095 1770 et
1120 1725 1298 1788 opere
1324 1710 1384 1771 et
1408 1710 1649 1770 natura
1678 1706 1794 1770 loci
1820 1706 2251 1770 munitissima
2277 1710 2497 1772 castra

513 1802 546 1851 3
570 1791 926 1873 expuynari
938 1809 1124 1873 posse
1151 1789 1567 1873 confidimus?
1592 1788 1731 1854 Aut
1754 1809 1897 1855 vero
1927 1790 2084 1870 quid
2097 1791 2492 1873 proficimus,

563 1876 624 1940 si
663 1878 904 1957 accepto
942 1894 1173 1957 mayno
1225 1875 1586 1939 detrimento
1627 1875 1707 1939 ab
1750 1875 2214 1956 oppuynatione
2254 1879 2493 1939 castro-

563 1979 711 2025 rum
750 1958 1165 2024 discedimus?
1212 1958 1412 2039 Quasi
1449 1979 1579 2023 non
1614 1958 1883 2039 felicitas
1921 1978 2136 2023 rerum
2168 1963 2493 2041 qestarum

565 2045 864 2109 exercitus
904 2044 1378 2109 benivolentiam
1427 2042 1912 2125 imperatoribus
1950 2047 2009 2108 et
2049 2062 2149 2108 res
2189 2044 2491 2108 adversae

509 2140 545 2189 4
567 2130 716 2194 odia
756 2129 1092 2211 colliqant!
1148 2126 1519 2193 Castrorum
1559 2132 1768 2193 autem
1807 2129 2072 2193 mutatio
2113 2129 2269 2210 quid
2305 2127 2491 2193 habet

563 2214 695 2278 nisi
724 2216 968 2295 turpem
991 2212 1218 2293 fuyam
1246 2216 1306 2276 et
1332 2213 1822 2294 desperationem
1850 2214 2132 2277 omnium
2159 2217 2219 2277 et
2245 2213 2486 2278 aliena«-

564 2299 795 2361 tionem
823 2295 1171 2361 exercitus?
1214 2293 1394 2359 Nam
1421 2315 1616 2376 neque
1631 2297 1935 2378 pudentes
1960 2298 2279 2379 suspicari
2306 2316 2485 2379 opor-

478 2420 481 2424 <
566 2383 674 2458 tet,
704 2379 828 2443 sibi
844 2399 1087 2461 parum
1115 2379 1300 2458 credi,
1331 2399 1527 2460 neque
1554 2381 1868 2463 improbos
1893 2382 2070 2459 seire,
2100 2399 2228 2446 sese
2258 2382 2482 2462 timeri,

566 2464 734 2544 quod
757 2463 887 2527 illis
914 2463 1228 2527 licentiam
1268 2464 1458 2528 timor
1486 2469 1714 2547 auyeat
1738 2470 1972 2544 noster,
2015 2465 2117 2530 his
2141 2466 2356 2530 studia
2383 2466 2483 2532 de-

508 2560 545 2610 ὃ
566 2547 836 2612 minuat.
887 2545 1067 2626 Quod
1082 2548 1143 2611 si
1162 2547 1314 2625 iam,
1346 2553 1563 2630 inquit,
1594 2549 1747 2614 haee
1773 2549 2098 2631 explorata
2124 2549 2480 2630 habeamus,

564 2651 730 2714 quae
781 2631 857 2695 de
893 2632 1195 2696 exercitus
1245 2632 1626 2698 alienatione
1665 2634 1989 2713 dicuntur,
2039 2653 2200 2716 quae
2239 2635 2483 2716 quidem

564 2734 673 2797 eqo
714 2718 830 2780 aut
866 2716 1120 2780 omnino
1167 2715 1342 2796 falsa
1384 2721 1500 2781 aut
1539 2721 1695 2782 certe
1733 2719 1988 2782 minora
2028 2719 2319 2800 opinione
2361 2739 2482 2785 esse

563 2799 822 2882 confide,
856 2804 1091 2880 quanto
1119 2800 1271 2865 haee
1298 2801 1696 2867 dissimulari
1723 2806 1782 2866 et
1808 2802 2123 2882 occultari,
2155 2822 2349 2885 quam
2364 2824 2481 2885 per

512 2897 544 2945 6
568 2903 684 2948 nos
709 2885 1079 2968 confirmari
1093 2885 1418 2966 praestet?
1458 2884 1572 2950 An
1598 2905 1745 2964 non,
1775 2888 1872 2951 uti
1899 2888 2176 2968 corporis
2202 2887 2475 2967 vulnera,

564 2970 658 3032 ita
693 2970 994 3034 exereitus
1031 2969 1426 3034 incommoda
1453 2974 1604 3035 sunt
1630 2970 1915 3052 teyenda,
1946 2991 2041 3035 -ne
2065 2991 2236 3053 spem
2264 2972 2476 3036 adver·

509 3063 542 3112 7
562 3053 759 3117 sariis
787 3053 1179 3134 auyeamus?
1219 3052 1314 3117 At
1340 3055 1559 3133 etiam,
1599 3058 1675 3118 ut
1701 3055 1909 3120 media
1936 3060 2109 3120 nocte
2119 3057 2476 3138 proficisca-

562 3157 735 3215 mur,
769 3137 1040 3215 addunt‚
1084 3155 1206 3216 quo
1235 3138 1566 3216 maiorem,
1598 3139 1805 3217 credo,
1842 3139 2166 3207 ,licentiam
2192 3140 2472 3221 habeant,

563 3220 676 3300 qui
689 3240 954 3301 peccare
982 3224 1297 3284 conentur.
1363 3219 1661 3302 Namque
1686 3222 2050 3308 huiusmodi
2090 3244 2190 3289 res
2227 3229 2342 3291 aut
2354 3245 2473 3306 pu-

562 3304 711 3367 dore
739 3308 854 3367 aut
879 3308 1045 3368 metu
1073 3307 1386 3383 tenentur,
1438 3305 1663 3386 quibus
1690 3307 1875 3372 rebus
1901 3327 2030 3372 nox
2056 3310 2329 3374 maaeime
2365 3311 2473 3375 ad-

508 3399 542 3449 8
564 3388 855 3452 versaria
884 3390 989 3451 est.
1043 3386 1252 3466 Quare
1279 3408 1475 3469 neque
1505 3391 1668 3455 tanti
1693 3410 1836 3455 sum
1864 3393 2087 3471 animi,
2117 3397 2191 3456 ut
2214 3394 2349 3458 sine
2373 3413 2475 3476 spe

560 3473 776 3536 castra
827 3471 1255 3566 oppuqnanda
1292 3492 1571 3538 censeam
1584 3521 1601 3554 ,
1653 3495 1851 3556 neque
1890 3477 2055 3541 tanti
2095 3477 2362 3556 timoris,
2406 3484 2475 3543 ut

561 3555 694 3639 ipse
734 3555 1020 3637 deficiam
1033 3604 1053 3638 ,
1098 3559 1284 3639 atque
1321 3559 1537 3623 omnia
1555 3560 1748 3642 prius
1789 3561 2163 3644 experienda
2206 3561 2473 3627 arbitror
