2750 4255
72 2343 425 2496 ἐμωιιιννν

73 2502 274 2639 m:
72 2419 527 2619 Wff‘

73 2645 368 2722 amco&-
383 2636 430 2712 Π

125 2714 459 2812 Μ’“““’“’ῗέ

594 255 680 320 86
1265 260 1362 316 DE
1404 259 1634 317 BELLO
1680 256 1900 316 CIVILI

593 433 839 508 partem,
874 446 946 488 ex
978 444 1091 505 qua
1122 433 1397 498 venerat,
1440 427 1602 488 redit
1640 426 1848 504 ibique
1880 445 2067 507 prope
2098 425 2322 488 flumen
2353 426 2527 488 edito

540 520 571 568 ὅ
598 519 809 573 natura
859 512 988 573 loco
1038 517 1231 573 castra
1289 513 1508 591 posuit.
1608 510 1823 572 Paucis
1871 510 2086 572 diebus
2143 513 2532 590 interpositis

593 603 772 657 noctu
811 595 1053 657 insidias
1083 598 1353 675 equitum
1383 595 1716 665 collocavit,
1761 613 1879 675 quo
1917 596 1982 656 in
2020 594 2150 655 loco
2186 597 2529 674 superiori-

591 679 707 742 bus
737 681 864 741 fere
894 679 1111 741 diebus
1139 679 1325 740 nostri
1354 678 1629 758 pabulari
1659 684 2045 750 consuerant;
2088 686 2148 739 et
2188 697 2327 739 cum
2367 681 2528 740 coti-

591 764 764 826 diana
793 764 1222 825 consuetudine
1252 762 1322 833 Q.
1346 763 1555 833 VaruS,
1587 764 1929 842 praefectus
1957 765 2224 842 equitum
2246 763 2525 833 Domitii,

540 858 572 905 6
595 850 871 919 venisset,
888 847 1086 909 subito
1113 846 1202 908 illi
1229 865 1303 907 ex
1331 847 1573 907 insidiis
1602 853 2127 908 consurrexerunt.
2173 846 2292 908 Sed
2321 850 2531 908 nostri

592 934 832 993 sortiter
889 934 1175 1010 impetum
1229 948 1436 991 eorum
1487 931 1754 992 tulerunt
1803 930 2199 1010 celeriterque
2252 931 2327 991 ad
2377 948 2530 992 suos

590 1018 842 1095 quisque
873 1015 1114 1075 ordines
1141 1015 1324 1075 rediit
1364 1023 1543 1094 atque
1584 1015 1741 1076 ultro
1771 1016 2036 1076 universi
2075 1017 2142 1075 in
2169 1013 2374 1075 hostes
2405 1017 2527 1075 im-

541 1107 572 1156 7
593 1107 799 1178 petum
849 1099 1142 1160 fecerunt.
1228 1098 1317 1160 Ex
1365 1099 1462 1159 his
1514 1100 1761 1159 circiter
1809 1101 2107 1177 octoginta
2155 1099 2525 1169 interfectis,

590 1183 842 1263 reliquis
878 1182 941 1245 in
979 1184 1181 1261 fugam
1210 1183 1525 1253 coniectiS,
1569 1180 1802 1244 duobus
1844 1183 2084 1244 amissis
2122 1185 2186 1242 in
2226 1190 2427 1244 castra
2458 1200 2529 1243 se

591 1273 971 1347 receperunt.

541 1360 571 1408 1
720 1351 1036 1413 XXXVIII.
1096 1352 1204 1413 His
1233 1352 1416 1413 rebus
1445 1354 1631 1431 gestis
1658 1351 1952 1413 Domitius
1982 1368 2249 1430 sperans,
2282 1349 2525 1430 Scipio-

589 1454 730 1496 nem
761 1436 833 1496 ad
862 1452 1120 1514 pugnam
1151 1436 1288 1497 elici
1317 1454 1521 1516 posse,
1566 1437 1897 1506 simulavit,
1942 1453 2072 1496 sese
2103 1436 2393 1512 angustiis
2427 1438 2520 1496 rei

586 1520 1016 1580 frumentariae
1057 1519 1378 1581 adductum
1410 1529 1604 1580 castra
1637 1537 1905 1590 movere,
1947 1521 2222 1599 vasisque
2264 1518 2520 1581 militari

588 1620 755 1663 more
784 1603 1166 1663 conclamatis
1206 1621 1561 1681 progressus
1588 1604 1754 1665 milia
1790 1620 2071 1683 passuum
2102 1615 2186 1663 111
2225 1603 2356 1663 loco
2384 1603 2524 1664 ido-

591 1704 706 1747 neo
736 1693 797 1746 et
825 1686 1059 1746 occulto
1087 1704 1321 1747 omnem
1353 1690 1684 1748 exercitum
1707 1690 2154 1767 equitatumque
2185 1686 2517 1748 collocavit.

537 1779 569 1828 2
593 1769 795 1850 Scipio
835 1770 909 1830 ad
951 1771 1321 1847 sequendum
1360 1778 1605 1850 paratus
1647 1774 1914 1851 equitum
1955 1787 2231 1849 magnam
2282 1777 2521 1850 partem

593 1855 668 1916 ad
697 1854 1122 1935 explorandum
1149 1857 1268 1917 iter
1297 1855 1540 1917 Domitii
1572 1863 1633 1917 et
1659 1855 2139 1934 cognoscendum
2181 1856 2519 1934 praemisit.

538 1947 570 1995 3
592 1938 709 2009 Qui
739 1957 874 2000 cum
906 1947 1105 2002 essent
1132 1943 1456 2020 progressi,
1489 1942 1837 2019 primaeque
1869 1945 2100 2000 turmae
2139 1938 2392 2000 insidias
2422 1941 2519 1999 in-

587 2026 936 2093 travissent,
982 2043 1054 2085 ex
1082 2026 1328 2085 fremitu
1356 2042 1647 2124 equorum
1688 2024 1872 2085 inlata
1902 2024 2242 2103 suspicione
2273 2023 2346 2083 ad
2377 2040 2521 2084 suos

591 2127 655 2170 se
684 2111 961 2189 recipere
992 2117 1346 2189 coeperunt,
1384 2111 1607 2189 quique
1637 2107 1748 2170 hos
1777 2107 2211 2189 sequebantur,
2254 2107 2520 2169 celerem

536 2200 569 2248 4
592 2211 798 2255 eorum
836 2202 1147 2271 receptum
1188 2195 1515 2272 conspicati
1555 2196 1925 2255 restiterunt.
2012 2191 2214 2253 Nostri
2257 2193 2522 2269 cognitis

563 2274 911 2357 -fihosuumfl
946 2277 1212 2346 insidiiS,
1256 2295 1332 2337 ne
1362 2278 1588 2339 frustra
1616 2278 1881 2357 reliquos
1911 2282 2323 2371 expectarent,
2369 2276 2522 2337 duas

588 2362 753 2420 nacti
798 2366 1024 2420 turmas
1064 2369 1454 2439 exceperunt,
1503 2378 1779 2440 quarum
1815 2357 2120 2440 perpauci
2152 2357 2316 2439 fuya
2341 2357 2521 2422 salu-

588 2444 709 2505 tem
733 2439 857 2504 sibi
883 2445 1289 2522 romermunt
1305 2476 1392 2492 -—-·
1413 2447 1477 2506 in
1505 2446 1603 2506 his
1630 2448 1747 2507 fuit
1773 2445 1851 2506 Μ.
1880 2445 2149 2525 Opimius
2176 2444 2521 2524 praefectus

590 2529 860 2605 equitum
887 2548 1002 2597 —;
1044 2528 1306 2607 reliquos
1336 2547 1545 2590 omnes
1575 2547 1781 2590 earum
1822 2537 2155 2591 turmarum
2184 2535 2285 2590 aut
2325 2530 2520 2590 inter-

590 2612 864 2672 fecerunt
892 2619 992 2672 aut
1022 2619 1225 2692 captos
1255 2613 1328 2672 ad
1359 2611 1685 2674 Domitium
1714 2614 2108 2675 deduxerunt.

539 2705 566 2752 1
718 2695 1064 2757 XXXVIIII.
1133 2694 1420 2757 Deductis
1461 2714 1602 2758 orae
1642 2700 1973 2761 maritimae
2017 2696 2340 2778 praesidiis
2371 2697 2520 2759 Cae-

590 2798 705 2851 sar,
737 2787 805 2840 ut
831 2797 1013 2859 supra
1042 2780 1513 2842 demonstratum
1542 2789 1651 2852 est,
1687 2796 1770 2843 111
1801 2782 2076 2843 cohortes
2107 2781 2277 2843 Orici
2306 2783 2522 2861 oppidi

587 2865 798 2926 tuendi
841 2883 1019 2926 causa
1047 2865 1294 2943 reliquit
1331 2865 1642 2946 isdemque
1674 2867 2003 2928 custodiam
2032 2868 2272 2926 navium
2310 2865 2519 2944 longa·

588 2967 725 3009 rum
753 2949 1029 3019 tradidit,
1074 2967 1223 3030 quas
1252 2968 1325 3010 ex
1356 2948 1526 3010 ltalia
1553 2950 1916 3012 traduxerat.
1987 2949 2142 3010 Huic
2182 2951 2379 3011 officio
2409 2969 2521 3030 op-

534 3038 565 3086 2
588 3032 847 3113 pidoque
889 3033 1119 3095 Manius
1158 3033 1384 3094 Acilius
1435 3034 1662 3111 legatus
1706 3040 2003 3114 praeerat.
2081 3033 2142 3095 Is
2183 3051 2364 3095 naves
2406 3052 2519 3095 no·

587 3124 744 3179 stras
781 3119 1131 3178 interiorem
1173 3119 1238 3177 in
1278 3124 1518 3197 portum
1559 3127 1697 3198 post
1735 3119 2020 3199 oppidum
2053 3116 2299 3179 reduxit
2339 3124 2399 3192 et
2440 3120 2524 3182 ad

585 3209 810 3262 terram
858 3200 1138 3278 deligavit
1193 3200 1588 3281 faucibusque
1646 3209 1857 3282 portus
1906 3219 2118 3264 navem
2175 3204 2521 3265 onerariam

588 3283 959 3345 submersam
991 3283 1213 3346 obiecit
1242 3292 1302 3346 et
1330 3286 1476 3346 huic
1506 3286 1753 3348 alteram
1783 3289 2117 3357 coniunxit;
2153 3302 2335 3363 super
2366 3304 2522 3366 quas

585 3369 804 3428 turrim
849 3368 1119 3429 effectam
1161 3369 1234 3429 ad
1285 3372 1481 3449 ipsum
1523 3372 1835 3431 introitum
1890 3378 2097 3449 portus
2138 3371 2415 3450 opposuit
2456 3379 2523 3433 et

585 3449 1231 3598 mlligbgsdcpmplevit
1258 3454 1658 3537 tuendamque
1688 3455 1763 3517 ad
1803 3471 2012 3517 omnes
2039 3455 2386 3537 repentinos
2415 3473 2523 3519 ca·

588 3551 690 3596 sus
780 3552 813 3596 a
855 3553 875 3595 1
922 3554 944 3598 1

313 3815 736 4131 X
