2750 4255
606 302 835 360 COMM.
861 303 959 360 111.
1004 302 1158 360 CAP.
1185 303 1704 361 xxv-XXVIIII.
2029 298 2111 365 81

180 489 370 533 unam
412 486 621 532 omnes
660 476 995 532 constratae
1036 488 1284 532 numero
1312 483 1438 531 ΧΠ
1467 470 1836 532 eliderentur
1879 480 1940 534 et
1967 491 2112 535 nau·

179 557 381 634 fragio
410 556 763 625 interirent,
817 560 878 615 et
905 572 979 616 ex
1008 572 1224 633 magno
1253 556 1547 632 remigum
1579 564 2111 634 propugnatorum-

177 659 306 721 que
349 657 599 702 numero
639 657 781 719 pars
820 639 894 699 ad
935 639 1212 719 scopulos
1245 639 1433 700 adlisa
1461 641 1933 712 interficeretur,
1975 659 2115 721 pars

178 725 266 788 ab
305 726 527 787 nostris
567 722 1015 795 detraheretur;
1058 741 1207 804 quos
1246 740 1454 785 omnes
1493 730 1874 786 conservatos
1901 725 2116 787 Caesar

178 811 430 871 domum
459 809 711 869 remisit.

315 892 576 955 XXVIII.
643 891 892 954 Nostrae
934 910 1114 954 naves
1159 893 1312 954 duae
1353 893 1585 954 tardius
1621 911 1804 955 cursu
1844 894 2112 957 consecto
2135 905 2159 954 1

180 982 251 1042 in
280 984 519 1039 noctem
550 977 890 1046 coniectae,
938 994 1074 1037 cum
1107 979 1482 1054 ignorarent,
1526 996 1705 1058 quem
1743 978 1941 1039 locum
1970 979 2114 1040 reli-

179 1081 343 1144 quae
384 1064 718 1142 cepissent,
768 1068 975 1121 contra
1013 1059 1253 1122 Lissum
1303 1063 1368 1122 in
1422 1065 1659 1124 ancoris
1697 1065 2113 1126 constiterunt.

180 1148 311 1210 Has
338 1147 577 1227 scaphis
616 1144 1070 1224 minoribusque
1112 1147 1368 1224 navigiis
1398 1146 1807 1226 compluribus
1835 1151 2110 1210 summis·
2131 1158 2164 1208 2

182 1235 273 1294 sis
306 1230 593 1293 Otacilius
622 1229 888 1299 Crassus,
921 1232 1027 1307 qui
1055 1229 1212 1291 Lissi
1238 1238 1538 1310 praeerat,
1571 1248 1911 1310 expugnare
1940 1250 2114 1312 para-

179 1315 321 1387 bat3
362 1315 540 1377 simul
582 1314 656 1375 de
695 1313 997 1375 deditione
1040 1332 1247 1375 eorum
1291 1314 1507 1393 agebat
1548 1322 1609 1376 et
1646 1316 2114 1379 incolumitatem

181 1399 411 1462 deditis
438 1396 852 1480 pollicebatur.
931 1397 1156 1461 Harum
1186 1396 1374 1460 altera
1402 1401 1571 1460 navis
1601 1411 1785 1461 ccxx
1814 1418 1848 1461 e
1877 1401 2110 1478 legione
2132 1411 2166 1461 ³

179 1488 450 1546 tironum
490 1483 842 1552 sustulerat,
899 1482 1083 1544 altera
1124 1501 1196 1544 ex
1235 1490 1517 1545 veterana
1555 1484 1732 1564 paulo
1771 1486 1972 1547 minus
2010 1497 2114 1548 00.

180 1569 300 1631 Hic
329 1571 607 1647 cognosci
634 1566 821 1639 licuit,
854 1575 1140 1648 quantum
1171 1576 1329 1630 esset
1356 1567 1705 1632 hominibus
1731 1571 2020 1649 praesidii
2050 1572 2114 1632 in
2136 1580 2170 1629 4

182 1655 375 1714 animi
405 1654 790 1715 firmitudine.
842 1651 1097 1715 Tirones
1120 1655 1280 1714 enim
1306 1653 1687 1715 multitudine
1713 1657 1952 1716 navium
1976 1673 2114 1734 per-

182 1739 390 1799 territi
431 1744 493 1799 et
540 1738 664 1800 salo
714 1755 1052 1818 nauseaque
1101 1739 1360 1800 confecti
1410 1740 1800 1801 iureiurando
1849 1746 2113 1819 accepto,

181 1820 342 1886 nihil
387 1824 465 1883 iis
514 1823 820 1883 nocituros
869 1820 1100 1892 hostes,
1154 1840 1219 1883 se
1261 1821 1511 1883 Otacilio
1560 1823 1950 1894 dediderunt;
2010 1826 2117 1903 qui

181 1923 398 1968 omnes
427 1904 500 1964 ad
530 1921 667 1965 eum
695 1903 973 1983 perducti
1004 1910 1212 1966 contra
1244 1905 1599 1982 religionem
1630 1905 2021 1967 iurisiurandi
2051 1909 2115 1967 in

184 1992 325 2051 eius
354 1992 679 2067 conspectu
708 1986 1123 2065 crudelissime
1152 1989 1622 2050 interficiuntur.
1695 1989 1769 2049 At
1797 1996 2113 2050 veteranae
2133 1999 2168 2050 ὅ

187 2073 448 2151 legionis
478 2070 720 2142 milites,
751 2072 895 2132 item
927 2069 1255 2132 conflictati
1286 2076 1347 2133 et
1366 2074 1741 2153 tempestatis
1764 2079 1825 2134 et
1846 2075 2117 2136 sentinae

191 2158 385 2229 vitiis,
432 2174 627 2236 neque
657 2174 731 2218 ex
759 2157 1015 2236 pristina
1043 2156 1266 2217 virtute
1294 2157 1723 2218 remittendum
1752 2157 1976 2237 aliquid
2005 2177 2116 2237 pu-

187 2248 494 2312 taverunt,
538 2248 599 2302 et
636 2240 964 2303 tractandis
1004 2239 1460 2302 condicionibus
1500 2249 1562 2303 et
1605 2241 1980 2303 simulatione
2012 2242 2117 2304 de-

185 2327 440 2388 ditionis
481 2333 746 2388 extracto
787 2327 985 2406 primo
1025 2325 1220 2386 noctis
1259 2333 1528 2406 tempore
1559 2326 2022 2404 gubernatorem
2048 2328 2116 2388 in

182 2420 414 2474 terram
454 2428 665 2472 navem
707 2412 905 2472 eicere
951 2416 1201 2489 cogunt,
1244 2412 1365 2490 ipsi
1407 2410 1689 2473 idoneum
1728 2411 1923 2474 locum
1952 2414 2170 2473 nactis

183 2495 477 2574 reliquam
535 2497 728 2557 noctis
777 2503 1011 2575 partem
1058 2494 1147 2556 ibi
1196 2495 1586 2556 confecerunt
1634 2502 1697 2557 et
1743 2496 1875 2557 luce
1921 2499 2116 2577 prima

183 2583 392 2643 missis
420 2579 495 2641 ad
523 2597 627 2642 eos
659 2579 733 2642 ab
764 2579 1019 2642 Otacilio
1048 2577 1375 2659 equitibus,
1418 2581 1521 2659 qui
1551 2598 1682 2641 eam
1710 2587 1940 2660 partem
1973 2599 2115 2642 orae

182 2666 542 2726 maritumae
574 2664 988 2734 adservabant,
1021 2665 1268 2726 circiter
1299 2675 1488 2735 0000,
1522 2666 1743 2744 quique
1775 2682 1876 2726 eos
1905 2665 2117 2726 armati

184 2767 263 2809 ex
291 2749 595 2828 praesidio
625 2751 815 2812 secuti
845 2756 1013 2819 sunt,
1055 2767 1123 2825 se
1161 2748 1563 2810 defenderunt
1596 2755 1658 2809 et
1685 2748 1985 2810 nonnullis
2015 2767 2113 2810 eo-

182 2850 325 2893 rum
354 2834 693 2896 interfectis
720 2834 1054 2896 incolumes
1082 2851 1146 2894 se
1176 2834 1252 2894 ad
1281 2840 1518 2894 nostros
1546 2840 1929 2911 receperunt.

317 2915 603 2978 XXVIIII.
660 2916 789 2988 Quo
839 2918 998 2978 facto
1050 2925 1375 2978 conventus
1428 2918 1646 2977 civium
1696 2915 2112 2987 Romanorum,
2137 2924 2166 2975 1

184 3002 295 3081 qui
338 3000 576 3062 Lissum
620 3000 1004 3070 obtinebant,
1050 3002 1205 3077 quod
1248 3001 1537 3080 oppidum
1575 3002 1655 3061 iis
1696 3005 1868 3061 antea
1897 2999 2117 3061 Caesar

186 3084 563 3147 adtribuerat
604 3085 1112 3165 muniendumque
1154 3092 1495 3153 curaverat,
1536 3085 1858 3145 Antonium
1899 3085 2119 3163 recipit

188 3167 579 3249 omnibusque
622 3168 806 3230 rebus
842 3168 1009 3231 iuvit.
1080 3168 1365 3230 Otacilius
1397 3168 1512 3230 sibi
1555 3168 1769 3230 timens
1797 3184 1875 3230 a
1902 3168 2117 3248 oppido

187 3254 340 3330 fugit
368 3261 432 3315 et
460 3254 533 3315 ad
564 3253 913 3332 Pompeium
943 3256 1235 3333 pervenit.
1285 3249 1595 3333 Expositis
1623 3252 1899 3314 omnibus
1929 3251 2115 3332 copiis
2135 3261 2167 3311 2

188 3337 510 3409 Antonius,
556 3355 806 3419 quarum
839 3341 970 3398 erat
1008 3355 1239 3399 summa
1268 3344 1685 3400 veteranarum
1714 3340 1899 3398 trium
1930 3336 2117 3415 legio·

187 3438 331 3481 num
359 3425 655 3503 uniusque
684 3424 949 3484 tironum
978 3428 1042 3483 et
1069 3425 1337 3502 equitum
1357 3433 1559 3493 1)000,
1588 3423 1906 3502 plerasque
1937 3439 2119 3483 naves

188 3506 254 3565 in
283 3504 511 3568 Italiam
553 3507 807 3568 remittit
848 3505 921 3568 ad
961 3506 1226 3586 reliquos
1264 3507 1488 3568 milites
1531 3508 1878 3587 equitesque
1922 3513 2115 3567 trans-

188 3589 529 3670 portandos,
569 3600 880 3669 pontones,
925 3591 1084 3672 quod
1126 3598 1218 3653 est
1258 3608 1449 3670 genus
1477 3590 1711 3654 navium
1741 3590 2113 3660 Gallicarum,
2135 3597 2169 3647 s

290 3703 339 3738 c.
374 3704 491 3741 ιω..
531 3704 687 3741 cns.
727 3702 789 3746 Π.
1677 3693 1712 3743 8
