2750 4255
680 322 908 381 ΟΟΜΜ.
934 323 979 381 Ι.
1023 324 1178 382 oAP.
1205 323 1710 384 LXX—Lxxtm.
2074 318 2160 387 35

221 491 452 552 ferunt.
515 489 734 551 Caesar
763 493 1084 570 praesidiis
1122 495 1187 555 in
1216 490 1522 553 montibus
1552 491 1857 570 dispositis
1891 491 2052 552 omni
2085 490 2158 552 ad

222 574 524 635 Hiberum
559 576 794 636 incluso
837 576 1087 648 itinere,
1127 594 1304 657 quam
1341 577 1616 656 proxime
1657 581 1858 656 potest
1896 575 2159 636 hostium

225 662 464 729 castris,
497 666 693 720 castra
723 663 1073 722 communit.

354 742 619 805 LXXIII.
679 743 928 805 Postero
959 746 1055 805 die
1080 745 1261 806 duces
1285 743 1763 805 adversariorum
1793 742 2151 823 perturbati,
2181 753 2208 802 ι

223 827 387 909 quod
431 845 669 889 omnem
713 830 804 889 rei
845 830 1271 890 frumentariae
1306 828 1696 908 fluminisque
1737 828 1952 889 Hiberi
1992 846 2159 907 spem

224 913 610 982 dimiserant,
654 912 728 973 de
771 913 1021 993 reliquis
1060 913 1245 974 rebus
1288 912 1720 974 consultabant.
1793 913 1938 973 Erat
1975 930 2160 973 unum
2181 921 2213 970 2

222 999 379 1066 iter,
424 996 681 1058 Ilerdam
711 998 764 1056 si
804 999 1029 1058 reverti
1056 997 1307 1067 vellent,
1350 997 1632 1067 alterum,
1678 998 1729 1058 si
1759 996 2160 1058 Tarraconem

224 1088 526 1162 peterent.
569 1080 732 1141 Haec
753 1081 1208 1143 consiliantibus
1236 1083 1326 1141 eis
1350 1083 1709 1142 nuntiantur
1738 1090 2055 1161 aquatores
2085 1080 2158 1141 ab

228 1167 502 1244 equitatu
522 1167 726 1245 ⁴premi
756 1173 984 1227 nostro.
1055 1164 1184 1236 Qua
1214 1184 1281 1226 re
1311 1167 1548 1243 cognita
1583 1165 1830 1227 crebras
1873 1168 2159 1226 stationes
2180 1173 2212 1222 3

228 1251 559 1328 disponunt
586 1250 857 1329 equitum
888 1257 950 1310 et
977 1251 1314 1311 cohortium
1336 1249 1655 1311 alariarum
1679 1249 2159 1329 'legionariasque

224 1335 585 1395 intericiunt
613 1334 878 1396 cohortis
899 1334 1233 1414 vallumque
1256 1351 1332 1394 ex
1354 1336 1571 1395 castris
1593 1333 1666 1395 ad
1697 1352 1910 1414 aquam
1940 1335 2160 1394 ducere

225 1420 562 1497 Incipiunt,
617 1424 686 1478 ut
734 1420 893 1480 intra
943 1421 1339 1479 munitionem
1369 1425 1431 1478 et
1481 1421 1610 1479 sine
1659 1420 1877 1478 timore
1919 1425 1981 1478 et
2031 1419 2161 1477 sine

226 1501 588 1565 stationibus
638 1506 846 1582 aquari
898 1510 1160 1583 possent.
1236 1502 1302 1563 Id
1350 1521 1502 1583 opus
1554 1504 1714 1563 inter
1765 1521 1828 1563 se
1882 1502 2160 1563 Petreius
2180 1509 2214 1557 4

228 1594 409 1668 atque
439 1587 723 1648 Afranius
750 1590 1094 1667 partiuntur
1123 1589 1358 1668 ipsique
1379 1587 1739 1667 perficiundi
1763 1588 1965 1667 operis
1984 1603 2161 1648 eausa

231 1672 472 1749 longius
500 1672 990 1750 progrediuntur.

356 1755 650 1817 LXXIIII.
709 1755 973 1827 Quorum
1005 1757 1275 1819 discessu
1302 1755 1558 1818 liberam
1586 1758 1748 1818 nacti
1782 1755 2007 1817 milites
2037 1755 2157 1817 col·
2184 1763 2212 1812 1

226 1841 569 1919 loquiorum
598 1841 942 1901 facultatem
972 1841 1145 1918 vulgo
1186 1841 1553 1920 procedunt,
1599 1848 1662 1901 et
1700 1854 1886 1919 quem'
1908 1843 2161 1921 quisque

229 1926 297 1985 in
326 1925 541 1983 castris
568 1930 774 1983 notum
804 1929 907 1984 aut
935 1926 1300 2001 municipem
1328 1923 1605 1993 habebat,
1652 1926 1956 2003 conquirit
1984 1930 2161 2002 atque

231 2013 460 2070 evocat.
518 2006 788 2067 Primum
819 2014 1002 2084 agunt
1029 2009 1253 2083 gratias
1288 2025 1495 2067 omnes
1524 2006 1819 2077 omnibuS,
1853 2006 2010 2086 quod
2041 2006 2158 2067 sibi
2182 2015 2213 2063 2

232 2091 579 2174 perterritis
600 2090 797 2170 pridie
826 2092 1270 2173 pepercissentt
1303 2108 1513 2152 eorum
1536 2108 1600 2151 se
1624 2089 1917 2152 beneflcio
1938 2092 2161 2152 vivere.

232 2177 460 2239 Deinde
500 2178 885 2255 imperatoris
923 2176 1102 2237 fldem
1143 2183 1472 2256 quaerunt,
1525 2185 1768 2236 rectene
1809 2193 1873 2236 se
1913 2175 2001 2236 illi
2045 2177 2165 2236 sint

232 2263 633 2332 commissuri,
668 2268 746 2331 et,
779 2262 935 2342 quod
966 2279 1085 2322 non
1117 2259 1191 2321 ab
1223 2261 1399 2321 initio
1428 2261 1687 2321 fecerint
1716 2278 1997 2340 armaque
2027 2278 2164 2320 cum

231 2345 967 2407 hominibusnecessariis
997 2353 1059 2406 et
1091 2346 1552 2423 consanguineis
1581 2341 1971 2415 contulerint,
2015 2362 2160 2425 que-

232 2437 472 2492 runtur.
542 2431 651 2492 His
689 2431 995 2512 provocati
1036 2430 1413 2491 sermonibus
1452 2430 1632 2491 fidem
1676 2428 1749 2490 ab
1794 2432 2157 2509 imperatore
2182 2435 2217 2484 3

235 2515 308 2575 de
338 2514 542 2575 Petrei
571 2523 746 2594 atque
777 2516 1008 2577 Afranii
1036 2516 1159 2576 vita
1187 2522 1430 2594 petunt,
1473 2533 1548 2575 ne
1580 2513 1737 2594 quod
1779 2514 1840 2574 in
1872 2532 1937 2575 se
1967 2514 2165 2574 scelus

235 2601 585 2677 concepisse
625 2616 746 2661 neu
782 2617 924 2661 suos
964 2599 1300 2679 prodidisse
1339 2599 1677 2660 videantur.
1751 2596 1981 2669 Quibus
2021 2616 2163 2659 con-

235 2684 488 2744 firmatis
516 2682 702 2744 rebus
732 2702 796 2745 se
827 2686 1028 2745 statim
1059 2686 1229 2761 signa
1262 2683 1657 2745 translaturos
1686 2684 2038 2744 confirmant
2077 2683 2164 2743 le-

237 2773 518 2846 gatosque
548 2767 622 2828 de
652 2785 800 2847 pace
829 2770 1165 2848 primorum
1193 2767 1472 2828 ordinum
1502 2770 1887 2828 centuriones
1918 2767 1993 2827 ad
2019 2767 2162 2828 Cae-

239 2869 434 2913 sarem
455 2853 719 2912 mittunt.
770 2851 1021 2913 Interim
1050 2852 1153 2912 alii
1183 2869 1323 2913 suos
1351 2853 1417 2912 in
1437 2858 1632 2912 castra
1660 2851 1954 2913 invitandi
1985 2869 2162 2911 causa
2184 2856 2220 2906 4

239 2935 559 3005 adducunt,
591 2934 693 2996 alii
723 2935 797 2995 ab
829 2939 956 2997 suis
986 2935 1379 3006 abducuntur,
1413 2936 1561 2996 adeo
1584 2942 1652 2995 ut
1680 2953 1798 2995 una
1823 2941 2017 2994 castra
2046 2937 2188 3012 iam?

236 3022 392 3082 faeta
423 3037 497 3080 ex
526 3018 689 3080 binis
717 3018 1098 3091 viderentur3
1144 3020 1604 3098 compluresque
1646 3018 1876 3079 tribuni
1905 3017 2167 3079 militum

239 3111 299 3167 et
340 3105 726 3165 centuriones
768 3104 841 3164 ad
883 3104 1198 3166 Caesarem
1236 3106 1486 3164 veniunt
1535 3120 1719 3182 seque
1760 3104 1819 3162 ei
1863 3118 2166 3162 commen-

240 3190 398 3251 dant.
468 3188 633 3250 Idem
674 3189 788 3248 hoc
815 3189 884 3250 fit
911 3208 945 3251 a
974 3188 1349 3269 principibus
1380 3187 1732 3267 Hispaniae,
1777 3205 1929 3267 quos
1957 3203 2163 3247 evoca·
2187 3192 2221 3242 5

242 3281 446 3336 verant
486 3281 546 3335 et
576 3291 780 3335 seeum
823 3274 885 3335 in
929 3275 1142 3334 castris
1182 3271 1486 3336 habebant
1528 3272 1807 3334 obsidum
1859 3271 2011 3332 loco.
2089 3269 2167 3330 Hi

241 3376 375 3420 suos
412 3366 587 3421 notos
636 3358 1019 3438 hospitesque
1062 3356 1462 3437 quaerebant,
1516 3376 1629 3438 per
1680 3375 1859 3438 quem
1912 3356 2168 3436 quisque

241 3461 446 3505 eorum
505 3443 733 3505 aditum
792 3443 1326 3505 commendationis
1383 3441 1637 3504 haberet
1695 3442 1768 3503 ad
1829 3442 2167 3503 Caesarem.

240 3529 469 3589 Afranii
498 3531 679 3590 etiam
719 3528 877 3590 filius
908 3528 1260 3589 adulescens
1288 3527 1362 3588 de
1406 3546 1511 3589 sua
1543 3546 1611 3588 ac
1651 3528 1921 3608 parentis
1949 3528 2044 3586 sui
2075 3543 2166 3585 sa-
2189 3531 2222 3580 6

243 3610 361 3674 lute
407 3630 543 3674 eum
575 3613 825 3676 Caesare
865 3630 977 3694 per
1008 3612 1341 3694 Sulpicium
1384 3612 1642 3693 legatum
1675 3610 1904 3690 agebat.
1980 3610 2170 3671 Erant
2190 3614 2220 3666 ‘1

1681 3709 1757 3766 3*
