2750 4255
662 248 890 305 COMM.
920 248 1015 304 ΠΙ.
1061 247 1213 304 CAP.
1242 246 1713 304 LXXI—LXXV.
2022 240 2141 307 103

216 416 510 486 secunda,
562 416 867 476 fortunam
919 433 1049 476 esse
1103 415 1398 475 industria
1447 413 1885 474 sublevandam.
1970 410 2138 483 Quod

217 509 380 562 esset
409 506 718 579 acceptum
749 499 1117 569 detrimenti,
1137 499 1400 559 cuiusvis
1428 499 1626 576 potius
1648 506 1823 576 quam
1844 515 1985 557 suae
2017 497 2139 558 cul·

217 603 331 664 pae
362 582 582 645 debere
615 582 822 644 tribui.
883 583 1103 643 Locum
1144 600 1208 643 se
1238 599 1448 642 aecum
1488 581 1561 642 ad
1606 581 2005 642 dimicandum
2038 581 2137 642 de·
2160 591 2192 639 5

216 670 411 739 disse,
463 671 717 747 potitum
749 686 881 727 esse
922 667 1185 727 hostium
1226 668 1473 735 castriS,
1515 664 1811 745 expulisse
1853 683 1922 726 ac
1963 683 2139 744 supe-

216 771 386 814 rasse
416 754 774 832 pugnantes,
821 751 936 811 Sed
967 753 1090 811 sive
1122 753 1390 830 ipsorum
1412 749 1786 829 perturbatio
1817 751 1939 810 sive
1971 767 2141 810 error

217 838 439 916 aliquis
487 838 609 897 sive
634 838 844 896 -etiam
897 836 1133 896 fortuna
1193 842 1423 914 partam
1483 837 1600 895 iam
1649 842 2139 914 praesentemque

215 923 532 982 victoriam
572 919 1098 999 interpellavisset,
1142 919 1393 979 dandam
1438 917 1713 979 omnibus
1752 935 2023 997 operam,
2076 925 2141 979 ut

216 1012 534 1084 acceptum
563 1004 1003 1065 incommodum
1032 1006 1253 1063 virtute
1285 1005 1635 1064 sarciretur.
1694 1000 1860 1072 Quod
1895 1004 1946 1063 si
1978 1012 2138 1064 esset
2160 1012 2191 1059 6

214 1091 470 1157 factum,
514 1088 934 1148 detrimentum
979 1090 1041 1148 in
1083 1087 1304 1148 bonum
1347 1094 1639 1155 verteret,
1683 1089 1771 1146 uti
1815 1086 1885 1147 ad
1919 1086 2139 1164 Gergo-

215 1175 376 1234 viam
407 1172 739 1243 accidisset,
783 1179 956 1250 atque
1000 1173 1088 1241 ei,
1131 1173 1233 1250 qui
1275 1177 1412 1231 ante
1455 1171 1741 1230 dimicare
1783 1172 2140 1241 timuissent,

216 1258 379 1318 ultro
411 1275 474 1317 se
506 1256 736 1334 proelio
765 1256 1068 1315 offerrent.

347 1340 634 1401 LXXIIII.
705 1339 827 1399 Hac
877 1338 1080 1399 habita
1132 1318 1408 1399 contione
1459 1337 1771 1399 nonnullos
1823 1340 2141 1416 signiferos
2166 1348 2191 1396 1

216 1426 546 1504 ignominia
578 1426 806 1484 notavit
836 1441 903 1484 ac
931 1423 1061 1483 loco
1092 1424 1292 1483 movit.
1365 1423 1672 1483 Exercitui
1704 1423 1947 1502 quidem
1978 1424 2141 1483 omni
2163 1432 2195 1480 2

216 1516 424 1571 tantus
463 1509 711 1569 incessit
750 1526 822 1568 ex
863 1507 1237 1568 incommodo
1279 1507 1453 1567 dolor
1493 1514 1836 1586 tantumque
1879 1508 2141 1568 studium

216 1595 505 1655 infamiae
536 1592 901 1660 sarciendae,
934 1599 1002 1651 ut
1030 1609 1204 1651 nemo
1234 1598 1335 1652 aut
1362 1590 1592 1651 tribuni
1635 1600 1735 1652 aut
1773 1593 2142 1652 centurionis

217 1680 546 1758 imperium
575 1677 944 1738 desideraret
972 1682 1032 1735 et
1069 1675 1189 1735 sibi
1228 1677 1479 1754 quisque
1522 1678 1700 1736 etiam
1743 1693 1969 1754 poenae
2013 1676 2142 1736 loco

217 1765 529 1842 graviores
569 1764 885 1841 inponeret
934 1759 1202 1828 labores,
1258 1758 1552 1838 simulque
1606 1777 1815 1819 omnes
1865 1760 2145 1820 arderent

217 1846 550 1924 cupiditate
589 1844 921 1924 pugnandi,
966 1861 1101 1904 cum
1141 1845 1472 1921 superioris
1512 1844 1694 1902 etiam
1725 1842 1956 1902 ordinis
1993 1862 2142 1903 non-

218 1929 374 1992 nulli
416 1931 649 1989 ratione
690 1930 944 2007 permoti
985 1926 1340 1988 manendum
1373 1944 1444 1986 eo
1487 1925 1616 1986 loco
1646 1934 1707 1985 et
1747 1944 1873 1985 rem
1915 1926 2143 2005 proelio

219 2012 707 2075 committendam
738 2014 1172 2074 existimarent.
1228 2011 1446 2072 Contra
1477 2029 1546 2070 ea
1577 2009 1793 2070 Caesar
1823 2028 2016 2089 neque
2048 2028 2141 2071 sa·
2161 2019 2195 2069 3

222 2100 306 2161 tis
330 2096 623 2159 militibus
651 2098 990 2178 perterritis
1013 2094 1347 2157 confidebat
1368 2096 1739 2175 spatiumque
1764 2093 2142 2174 interponen-

221 2183 469 2244 dum-ad
500 2183 858 2243 recreandos
888 2184 1117 2243 animos
1147 2179 1410 2260 putabat,
1442 2180 1502 2242 et
1539 2179 1767 2240 relictis
1796 2180 2143 2240 munitioni·

178 2281 187 2288 ’
222 2267 340 2328 bus
371 2285 730 2345 magnopere
761 2268 852 2326 rei
883 2267 1308 2326 frumentariae
1342 2264 1613 2325 timebat.

351 2350 578 2412 LXXV.
626 2350 828 2430 Itaque
852 2349 1011 2410 nulla
1040 2351 1397 2428 interposita
1420 2368 1583 2410 mora
1607 2350 1942 2409 sauciorum
1964 2348 2140 2409 modo
2163 2357 2188 2407 1

221 2442 288 2497 et
329 2451 643 2512 aegrorum
686 2434 885 2495 habita
926 2436 1154 2494 ratione
1194 2433 1619 2511 impedimenta
1662 2435 1858 2493 omnia
1904 2433 2144 2494 silentio

220 2521 419 2600 prima
450 2525 623 2579 nocte
654 2537 726 2579 ex
755 2521 969 2579 castris
997 2517 1365 2596 Apolloniam
1413 2519 1741 2597 praemisit.
1815 2517 1973 2577 Haec
2004 2536 2143 2578 con·

219 2606 539 2684 quiescere
569 2610 704 2663 ante
734 2605 852 2663 iter
881 2604 1218 2663 confectum
1248 2604 1457 2663 vetuit.
1504 2602 1611 2663 His
1639 2619 1757 2661 una
1785 2601 1943 2678 legio
1965 2603 2145 2662 missa

219 2687 527 2769 praesidio
557 2694 668 2748 est.
738 2687 846 2747 His
876 2687 1171 2766 explicitis
1200 2685 1385 2747 rebus
1425 2686 1572 2746 duas
1611 2687 1673 2745 in
1704 2688 1919 2746 castris
1956 2686 2141 2763 legio·
2162 2695 2195 2743 2

222 2789 336 2832 nes
363 2773 643 2841 retinuit,
687 2771 949 2850 reliquas
980 2770 1052 2831 de
1083 2777 1292 2851 quarta
1322 2771 1525 2847 vigilia
1569 2768 1976 2847 compluribus
2006 2788 2144 2847 por·

219 2857 309 2916 tis
338 2853 583 2915 eductas
621 2855 829 2915 eodem
875 2856 1090 2916 itinere
1133 2855 1445 2934 praemisit
1484 2871 1780 2932 parvoque
1822 2855 2013 2932 spatio
2053 2855 2143 2913 in·

219 2940 535 3008 termisso,
587 2946 653 2999 ut
693 2946 752 3000 et
793 2939 1050 3000 militare
1090 2941 1430 3000 institutum
1474 2944 1812 2998 servaretur
1856 2944 1916 2996 et
1966 2954 2144 3014 quam

220 3023 533 3085 serissime
564 3024 693 3084 eius
733 3024 1021 3103 profectio
1051 3032 1539 3100 cognosceretur,
1582 3021 1940 3082 conclamari
1970 3022 2147 3081 iussit

224 3110 547 3188 statimque
577 3124 852 3185 egressus
891 3114 951 3168 et
988 3109 1371 3168 novissimum
1414 3124 1627 3184 agmen
1667 3110 2019 3165 consecutus
2048 3123 2144 3164 ce·

225 3192 440 3252 leriter
490 3210 563 3252 ex
613 3201 932 3270 conspectu
983 3199 1311 3253 castrorum
1364 3191 1660 3251 discessit.
1745 3189 1948 3268 Neque
2005 3207 2143 3249 vero
2163 3198 2198 3247 3

226 3275 553 3356 Pompeius
603 3278 840 3353 cognito
890 3276 1140 3336 consilio
1193 3278 1324 3336 eius
1367 3293 1594 3336 moram
1645 3274 1822 3335 ullam
1865 3273 1939 3334 ad
1988 3272 2144 3333 inse·

227 3358 533 3438 quendum
564 3359 794 3429 intulit,
839 3359 942 3420 sed
975 3360 1179 3421 eadem
1210 3367 1516 3439 spectans,
1560 3361 1610 3420 si
1645 3360 1860 3419 itinere
1891 3357 2144 3437 impedi-

228 3450 325 3505 tos
353 3447 709 3523 perterritos
739 3443 1187 3522 deprehendere
1217 3451 1447 3523 posset,
1492 3446 1819 3504 exercitum
1860 3461 1893 3503 e
1935 3443 2145 3504 castris

227 3527 437 3589 eduxit
489 3531 934 3612 equitatumque
993 3529 1306 3608 praemisit
1356 3527 1430 3588 ad
1489 3529 1877 3588 novissimum
1921 3542 2147 3604 agmen
