2750 4255
607 313 836 373 cOMM.
863 315 961 372 111.
1006 315 1159 372 CAP.
1185 315 1796 374 Lxxv—Lxxvml.
2020 310 2140 377 105

219 483 510 544 exercitui
539 481 815 552 dandum,
860 483 1053 542 socios
1083 481 1535 551 confirmandoS,
1571 482 1938 561 praesidium
1970 482 2140 545 urbi·

215 566 332 628 bus
371 565 826 647 relinquendum
870 584 1115 627 necesse
1168 575 1298 626 erat
1349 566 1516 627 adire
1557 563 1946 645 Apolloniam.
2017 568 2134 629 Sed
2155 577 2190 628 2

215 652 315 712 his
343 649 527 711 rebus
566 657 796 711 tantum
825 651 1114 729 temporis
1155 648 1392 720 tribuit,
1435 657 1718 731 quantum
1752 658 1882 711 erat
1919 669 2138 731 prope·
2191 716 2198 727 ,

216 737 378 798 ranti
409 752 686 796 necesse:
729 737 949 795 timens
977 733 1254 813 Domitio,
1296 752 1371 794 ne
1404 734 1662 795 adventu
1690 734 1934 815 Pompei
1963 753 2138 814 prae-

215 826 643 899 occuparetur,
691 818 763 878 ad
796 837 931 879 eum
972 820 1134 879 omni
1164 816 1469 879 celeritate
1516 826 1576 878 et
1616 819 1814 879 studio
1855 821 2139 880 incitatus

213 903 543 966 ferebatur.
633 902 844 963 Totius
892 910 1089 965 autem
1136 905 1228 963 rei
1288 903 1601 963 consilium
1659 903 1754 963 his
1803 903 2133 965 rationibus
2157 913 2190 963 3

215 986 572 1068 explicabat,
604 995 690 1056 ut,
723 989 773 1046 si
798 987 1116 1066 Pompeius
1146 987 1349 1047 eodem
1381 986 1784 1060 contenderet,
1817 986 2139 1049 abductum

215 1073 386 1134 illum
417 1090 451 1132 a
480 1073 632 1132 mari
663 1078 838 1152 atque
870 1069 944 1131 ab
977 1071 1051 1132 iis
1081 1071 1285 1150 copiis,
1330 1088 1478 1150 quas
1506 1071 1860 1151 Dyrrhachii
1903 1091 2138 1152 compa-

215 1163 483 1226 raverat,
531 1157 831 1216 frumento
873 1173 941 1215 ac
982 1163 1313 1216 commeatu
1354 1155 1718 1216 abstractum
1757 1158 1889 1236 pari
1933 1157 2141 1219 condi·

215 1244 393 1302 cione
425 1238 568 1301 belli
599 1258 801 1300 secum
832 1239 1141 1300 decertare
1171 1244 1442 1318 cogeret;
1487 1242 1540 1300 si
1572 1242 1634 1299 in
1663 1240 1892 1301 ltaliam
1921 1243 2138 1302 transi-

216 1333 330 1395 ret,
366 1325 683 1385 coniuncto
714 1324 978 1385 exercitu
1006 1341 1144 1384 cum
1172 1323 1432 1385 Domitio
1461 1343 1572 1404 per
1601 1324 1903 1404 Illyricum
1932 1324 2137 1386 Italiae

216 1408 488 1472 subsidio
538 1409 1051 1488 proficisceretur;
1104 1410 1157 1469 si
1207 1406 1578 1488 Apolloniam
1619 1407 1982 1488 Oricumque
2032 1425 2138 1486 op-

213 1510 484 1573 pugnare
528 1500 588 1553 et
628 1510 692 1553 se
736 1495 896 1553 omni
938 1494 1253 1553 marituma
1294 1511 1398 1553 ora
1442 1493 1758 1553 excludere
1800 1500 2137 1564 conaretur,

216 1577 465 1639 obsesso
508 1576 819 1656 Scipione,
874 1580 1212 1638 necessario
1263 1577 1431 1638 illum
1485 1579 1612 1638 suis
1653 1577 1934 1638 auxilium
1975 1579 2139 1638 ferre

216 1668 482 1740 cogeret.
542 1660 745 1740 Itaque
778 1662 1124 1739 praemissis
1155 1664 1382 1722 nuntiis
1412 1661 1486 1722 ad
1517 1662 1620 1723 Cn.
1646 1660 1964 1722 Domitium
1994 1661 2133 1723 Cae·
2157 1669 2194 1720 4

216 1765 315 1808 sar
359 1746 604 1823 scripsit
644 1751 729 1814 et,
784 1745 926 1822 quid
976 1747 1109 1806 fieri
1154 1747 1357 1816 vellet,
1412 1746 1671 1807 ostendit
1722 1747 2140 1827 praesidioque

215 1826 563 1910 Apolloniae
594 1828 936 1889 cohortibus
965 1842 1091 1898 1111,
1136 1830 1291 1891 Lissi
1320 1844 1366 1900 1,
1400 1843 1483 1890 111
1512 1829 1678 1891 Orici
1718 1831 1961 1900 relictiS,
2005 1833 2138 1910 qui-

217 1933 341 1996 que
373 1919 543 1973 erant
572 1930 644 1972 ex
674 1911 1024 1973 vulneribus
1051 1915 1247 1990 aegri,
1290 1914 1578 1992 depositis
1616 1931 1727 1992 per
1759 1914 2008 1993 Epirum
2050 1921 2138 1974 at·

216 2016 338 2079 que
379 1997 787 2057 Athamaniam
826 1999 945 2056 iter
981 1997 1187 2057 facere
1231 1999 1468 2077 coepit.·
1531 1996 1851 2076 Pompeius
1903 2015 2135 2077 quoque
2159 2005 2192 2056 ⁶

218 2084 292 2144 de
340 2081 610 2143 Caesaris
658 2081 909 2142 consilio
959 2080 1298 2144 coniectura
1348 2081 1623 2143 iudicans
1672 2082 1744 2143 ad
1796 2081 2140 2162 Scipionem

218 2166 662 2245 properandum
686 2165 804 2226 sibi
834 2165 1239 2228 existimabat:
1271 2168 1323 2228 si
1346 2167 1563 2228 Caesar
1592 2169 1708 2227 iter
1735 2167 1838 2227 illo
1867 2166 2139 2236 haberet,

218 2258 288 2311 ut
320 2248 652 2311 subsidium
669 2250 936 2329 Scipioni
964 2251 1184 2322 ferret·;
1215 2253 1266 2311 si
1291 2250 1365 2311 ab
1389 2269 1492 2311 ora
1514 2253 1829 2311 marituma
1841 2250 2140 2330 Oricoque

220 2331 534 2395 discedere
563 2334 765 2404 nollet,
791 2334 950 2414 quod
978 2335 1245 2413 legiones
1274 2336 1718 2415 equitatumque
1749 2354 1822 2395 ex
1845 2334 2015 2396 ltalia
2039 2352 2140 2395 ex·

220 2425 515 2499 pectaret,
548 2419 675 2496 ipse
707 2426 773 2479 ut
816 2418 1091 2480 omnibus
1119 2422 1308 2499 copiis
1337 2420 1662 2481 Domitium
1692 2419 2139 2498 adgrederetur.

349 2498 684 2563 Lxxvnn.
763 2502 872 2563 His
915 2503 988 2563 de
1039 2506 1234 2565 causis
1283 2511 1536 2585 uterque
1588 2522 1795 2565 eorum
1845 2504 2140 2565 celeritati
2164 2512 2192 2562 1

219 2585 521 2657 studebat,
556 2594 615 2647 et
642 2587 769 2647 suis
797 2594 864 2647 ut
893 2593 1052 2648 esset
1080 2588 1327 2658 auxilio,
1372 2595 1433 2649 et
1467 2588 1540 2649 ad
1583 2588 2008 2669 opprimendos
2036 2588 2141 2649 ad-

217 2673 520 2733 versarios
560 2688 637 2731 ne
678 2673 974 2733 occasioni
1016 2674 1304 2752 temporis
1344 2672 1600 2733 deesset.
1674 2672 1791 2733 Sed
1825 2671 2140 2734 Caesarem
2162 2681 2195 2731 2

218 2754 531 2836 Apollonia
560 2773 595 2815 a
624 2755 853 2816 directo
882 2757 1100 2816 itinere
1130 2763 1460 2827 averterat;
1505 2756 1825 2836 Pompeius
1852 2774 1962 2836 per
1992 2757 2140 2819 Can-

219 2839 455 2900 daviam
487 2841 606 2899 iter
634 2841 701 2899 in
728 2839 1133 2900 Macedoniam
1161 2840 1506 2919 expedi-tum
1538 2839 1814 2900 habebat.
1875 2840 2140 2900 Accessit
2162 2848 2196 2897 3

219 2925 405 2984 etiam
436 2939 507 2983 ex
546 2925 868 3004 improviso
907 2924 1067 2985 aliud
1108 2923 1579 2992 incommodum,
1621 2923 1780 3004 quod
1826 2922 2140 2992 Domitius,

216 3011 325 3088 qui
382 3006 512 3067 dies
553 3007 889 3089 complures
931 3010 1145 3069 castris
1186 3007 1482 3088 Scipionis
1533 3014 1726 3068 castra
1778 3005 1987 3067 collata
2038 3008 2142 3067 ha-

222 3091 473 3161 buisset,
506 3093 598 3152 rei
628 3093 1058 3153 frumentariae
1089 3108 1265 3153 causa
1306 3091 1382 3153 ab
1424 3110 1496 3153 eo
1537 3092 1894 3153 discesserat
1936 3099 1997 3152 et
2026 3090 2144 3151 He-

218 3176 465 3237 racliam
511 3173 908 3257 [Senticam],
965 3195 1117 3256 quae
1163 3184 1255 3237 est
1308 3175 1579 3238 subiecta
1621 3174 1974 3245 Candaviae,
2027 3177 2147 3235 iter

219 3258 466 3330 fecerat,
499 3266 565 3319 ut
592 3261 720 3339 ipsa
749 3261 987 3322 fortuna
1016 3261 1184 3322 illum
1210 3260 1454 3321 obicere
1498 3262 1782 3339 Pompeio
1822 3259 2142 3321 videretur.

222 3341 381 3404 Haec
411 3344 485 3405 ad
528 3344 592 3404 id
633 3351 867 3424 tempus
897 3345 1114 3407 Caesar
1156 3345 1489 3423 ignorabat.
1563 3343 1752 3406 Simul
1793 3362 1825 3404 a
1854 3343 2141 3423 Pompeio
2162 3350 2198 3403 4

223 3424 444 3487 litteris
472 3446 583 3506 per
612 3446 816 3489 omnes
845 3431 1187 3509 provincias
1209 3431 1596 3509 civitatesque
1623 3429 1887 3489 dimissis
1915 3430 2146 3509 proelio

223 3510 295 3570 ad
328 3509 764 3591 Dyrrhachium
794 3514 950 3574 facto
977 3512 1157 3573 latius
1187 3513 1571 3593 inflatiusque
1600 3510 1803 3582 multo,
1841 3530 2019 3593 quam
2049 3530 2148 3573 res

222 3604 351 3656 erat
393 3604 581 3673 gesta,
614 3596 770 3658 fama
808 3596 1258 3677 percrebuerat,
1300 3598 1540 3677 pulsum
1581 3598 1790 3675 fugere
1833 3596 2150 3659 Caesarem
