2750 4255
695 304 777 369 16
1329 310 1426 364 DE
1469 307 1700 364 BELLO
1747 304 1964 365 CIVILl

690 482 763 536 ut
785 474 1006 535 vallum
1034 492 1276 536 caecum
1318 476 1627 557 fossasque
1658 482 1933 546 caveant,
1974 474 2308 545 subsistunt
2341 481 2410 536 et
2454 476 2627 557 long

693 561 910 631 itinere
940 558 1015 621 ab
1044 560 1142 620 hls
1170 560 1563 621 circumducti
1593 560 1665 620 ad
1695 567 1934 639 portum
1963 562 2324 643 perveniunt
2355 560 2627 642 duasqu

691 643 873 712 naves
900 661 1036 705 cum
1064 644 1377 715 militibus,
1409 662 1562 724 quae
1593 644 1670 705 ad
1697 644 1884 706 moles
1909 644 2177 707 Caesaris
2201 643 2627 709 adhaeserant

693 727 930 807 scaphis
953 728 1355 808 lintribusque
1378 727 1850 808 reprehendunt,
1869 727 2268 807 reprehensas
2282 731 2627 807 excipiunt

641 819 671 869 1
821 812 1108 881 XXVIIII.
1179 811 1426 893 Caesar,
1485 814 1600 873 etsi
1641 812 1714 873 ad
1766 831 1937 892 spem
1985 812 2337 873 conficiendi
2391 819 2628 891 negoti

690 898 945 965 maxime
985 895 1278 976 probabat
1319 898 1540 957 coactis
1568 895 1821 957 navibus
1847 914 2014 957 mare
2042 898 2304 957 transire
2340 903 2407 958 et
2447 897 2627 962 Pom

688 982 893 1062 peium
931 982 1134 1060 sequi,
1187 983 1537 1060 priusquam
1588 981 1689 1041 ille
1732 998 1867 1041 sese
1914 983 2333 1043 transmarinis
2372 984 2626 1044 auxilii¹

689 1066 1095 1134 confirmaret,
1139 1063 1338 1125 tamen
1368 1068 1500 1126 eius
1529 1067 1619 1128 rei
1661 1082 1889 1126 moram
1927 1067 2337 1145 temporisque
2378 1066 2626 1144 longin

688 1151 976 1227 quitatem
1015 1147 1297 1219 timebat,
1350 1150 1507 1229 quod
1562 1148 1839 1210 omuibus
1881 1150 2102 1210 coactis
2142 1148 2402 1211 navibus
2443 1150 2626 1213 Pom¹

687 1234 863 1311 peius
913 1239 1290 1320 praesentem
1344 1234 1686 1294 facultatem
1736 1232 2091 1313 insequendi
2137 1235 2233 1294 sui
2284 1234 2627 1296 ademerat

631 1324 666 1373 2
688 1315 1193 1397 Relinquebatur,
1236 1325 1304 1382 ut
1343 1337 1417 1379 ex
1455 1317 1972 1398 longinquioribus
2010 1316 2361 1394 regionibus
2393 1318 2627 1381 Gallia«

686 1400 1015 1481 Picenique
1040 1409 1103 1469 et
1130 1402 1340 1470 efreto
1368 1420 1551 1463 naves
1579 1410 1781 1463 essent
1802 1401 2221 1481 expectandae.
2266 1400 2333 1463 Id
2363 1411 2627 1483 propte1

634 1492 666 1540 3
689 1487 828 1547 anni
858 1493 1096 1566 tempus
1121 1486 1364 1564 longum
1397 1493 1573 1566 atque
1604 1486 1960 1565 impeditum
1985 1484 2322 1547 videbatur.
2375 1486 2627 1551 luteres

685 1575 950 1634 veterem
992 1569 1354 1648 exercitum,
1400 1571 1547 1632 duas
1584 1570 1899 1650 Hispanias
1941 1570 2279 1633 confirmari
2296 1617 2314 1641 ‚
2357 1590 2627 1651 quaruu

687 1661 817 1713 erat
846 1654 1033 1714 altera
1071 1655 1348 1718 maximis
1390 1653 1702 1716 beneficiis
1732 1653 1974 1733 Pompei
2017 1654 2323 1726 devincta,
2369 1657 2627 1728 auxilia:

686 1737 1014 1880 eqpiltptum
1042 1739 1264 1815 parari,
1298 1737 1549 1798 Galliam
1578 1737 1925 1818 Italiamque
1954 1740 2234 1818 temptari
2264 1757 2329 1802 se
2362 1739 2627 1802 absente

686 1837 762 1880 no
787 1838 818 1879 e
865 1827 944 1882 at.

633 1910 661 1959 1
808 1903 994 1974 XXX.
1066 1905 1271 1986 Itaque
1316 1907 1380 1967 in
1420 1908 1756 1988 praesentia
1800 1907 2047 1989 Pompei
2097 1907 2387 1988 sequendi
2426 1909 2627 1968 ratio-

684 2006 823 2049 nem
853 1991 1095 2065 omittit,
1126 1992 1188 2053 in
1217 1990 1564 2073 Hispaniam
1593 1993 1893 2071 proficisci
1915 1995 2242 2063 constituit,
2275 1992 2627 2055 duumviris

684 2076 1148 2156 municipiorum
1205 2079 1471 2140 omnium
1528 2078 1815 2158 imperat,
1885 2085 1955 2142 ut
2009 2094 2189 2141 naves
2246 2078 2627 2156 conquirant

630 2165 663 2214 2
685 2159 1188 2241 Brundisiumque
1219 2162 1598 2223 deducendas
1637 2171 1868 2224 curent.
1940 2163 2122 2222 Mittit
2162 2162 2226 2218 in
2267 2161 2627 2225 Sardiniam

683 2261 818 2307 cum
846 2243 1080 2321 legione
1110 2259 1227 2304 una
1255 2245 1556 2306 Valerium
1584 2245 1862 2321 legatum,
1896 2247 1960 2304 in
1989 2243 2259 2304 Siciliam
2287 2241 2627 2311 Curionem

680 2344 792 2406 pro
835 2334 1113 2406 praetore
1154 2343 1289 2393 cum
1329 2326 1670 2407 legionibus
1698 2340 1782 2396 11;
1826 2326 2115 2394 eundem,
2168 2339 2304 2382 cum
2337 2321 2627 2394 Siciliam

680 2409 1024 2488 recepisset,
1056 2407 1330 2489 protinus
1350 2412 1415 2471 in
1441 2411 1703 2487 Africam
1722 2409 2042 2470 traducere
2066 2406 2396 2469 exercitum
2415 2407 2618 2476 iubet.

685 2493 1019 2556 Sardiniam
1049 2492 1359 2558 obtinebat
1387 2494 1465 2576 M.
1499 2494 1696 2563 Cotta,
1730 2492 1997 2554 Siciliam
2026 2491 2103 2552 M.
2136 2488 2308 2561 Cato:
2339 2491 2617 2560 Africam

627 2583 661 2633 8
682 2583 843 2638 sorte
873 2576 1113 2639 Tubero
1157 2577 1427 2639 obtinere
1470 2574 1746 2639 debebat.
1807 2574 2163 2645 caralitani,
2204 2576 2379 2636 simul
2419 2577 2490 2638 ad
2537 2599 2610 2643 se

679 2661 980 2732 Valerium
1009 2664 1166 2726 mitti
1198 2662 1547 2730 audierunt,
1579 2660 1842 2722 nondum
1871 2661 2141 2740 profecto
2171 2678 2244 2720 ex
2273 2658 2456 2731 Italia,
2489 2681 2604 2727 sua

679 2752 889 2825 sponte
921 2746 1149 2808 Cottam
1180 2765 1252 2806 ex
1294 2745 1512 2825 oppido
1554 2746 1797 2806 eiciunt.
1866 2745 1977 2807 Ille
2007 2746 2393 2824 perterritus,
2434 2751 2595 2825 quod

679 2847 914 2891 omnem
942 2831 1310 2909 provinciam
1335 2830 1673 2891 consentire
1697 2828 2101 2911 intellegebat,
2135 2848 2208 2890 ex
2230 2825 2493 2890 Sardinia
2523 2834 2590 2892 in

624 2921 659 2968 4
681 2912 939 2976 Africam
979 2913 1266 2997 profugit.
1337 2912 1480 2977 Cato
1529 2915 1593 2974 in
1636 2911 1842 2976 Sicilia
1880 2930 2062 2976 naves
2108 2913 2314 2991 longas
2362 2920 2589 2976 veteres

676 2999 1003 3068 reficiebat,
1037 3013 1216 3059 novas
1243 2998 1583 3059 civitatibus
1612 2998 1965 3078 imperabat.
2037 2997 2197 3059 Haec
2225 3014 2431 3075 magno
2458 3006 2583 3060 stu-

677 3083 776 3143 dio
806 3081 1036 3164 agebat.
1106 3080 1174 3142 In
1215 3082 1469 3144 Lucanis
1500 3083 1866 3164 Bruttiisque
1906 3100 2018 3164 per
2056 3082 2284 3161 legatos
2330 3099 2459 3142 suos
2496 3085 2577 3143 ci-

674 3168 836 3227 vium
865 3166 1263 3233 Romanorum
1294 3167 1562 3228 delectus
1588 3166 1876 3238 habebat,
1910 3168 2178 3248 equitum
2208 3165 2573 3246 peditumque

620 3256 652 3306 5
677 3256 907 3311 certum
937 3264 1254 3313 numerum
1283 3269 1316 3312 a
1347 3249 1688 3312 civitatibus
1718 3251 1961 3313 Siciliae
1997 3251 2291 3329 exigebat.
2359 3247 2569 3319 Quibus

671 3334 856 3395 rebus
897 3351 1089 3413 paene
1129 3335 1414 3415 perfectis
1442 3335 1697 3397 adventu
1727 3335 2005 3397 Curionis
2044 3338 2279 3413 cognito
2320 3336 2567 3414 queritur

671 3420 735 3478 in
765 3421 1072 3490 contione,
1119 3436 1249 3480 sese
1278 3421 1614 3499 proiectum
1644 3438 1712 3481 ac
1741 3421 2042 3500 proditum
2072 3437 2105 3480 a
2147 3418 2253 3480 Cn.
2284 3417 2560 3497 Pompeio,
2625 3444 2626 3491 g

672 3504 776 3580 qui
806 3502 1081 3565 omnibus
1121 3501 1305 3564 rebus
1343 3506 1823 3583 imparatissimis
1865 3521 1987 3564 non
2017 3504 2410 3565 necessarium
2443 3501 2560 3563 bel-

668 3585 793 3648 lum
821 3589 1185 3667 suscepisset
1214 3593 1275 3647 et
1305 3587 1380 3648 ab
1411 3605 1473 3648 se
1504 3588 1873 3671 reliquisque
1904 3591 1967 3649 in
2000 3594 2208 3649 senatu
2254 3589 2553 3664 interroga-
