2750 4255
701 273 929 331 coMM.
958 269 1002 331 1.
1045 273 1198 331 CAP.
1225 273 1612 332 XVII-XXI.
2041 272 2116 336 11

136 442 397 523 paucis
440 440 832 502 familiaribus
873 442 999 501 suis
1051 439 1408 519 colloquitur
1457 440 1891 520 consiliumque
1940 444 2117 521 fugae

146 542 412 605 capere
446 526 768 584 constituit.
831 523 977 585 Cum
1007 524 1203 584 vultus
1232 524 1475 584 Domitii
1518 542 1654 585 cum
1698 526 1966 587 oratione
1996 544 2114 588 non
2136 536 2172 585 3

151 611 568 670 consentiret
605 615 780 688 atque
811 610 1008 668 omnia
1037 608 1437 687 trepidantius
1480 607 1862 686 timidiusque
1891 618 2112 687 ageret,

155 711 370 772 quam
419 692 830 771 superioribus
871 691 1085 752 diebus
1133 699 1503 761 consuesset,
1563 692 1930 771 multumque
1982 711 2117 755 cum

160 779 311 838 suis
348 776 707 837 consiliandi
745 794 920 837 causa
950 782 1181 837 secreto
1211 784 1453 854 praeter
1471 776 1968 837 consuetudinem
1997 777 2114 837 col·

163 862 574 940 loqueretur,
607 861 858 921 concilia
889 868 1328 938 convontusque
1369 860 1679 921 hominum
1710 861 1974 938 sugeret,
2016 878 2116 922 res

165 945 422 1006 diutius
464 948 588 1023 tegi
632 944 1109 1023 dissimularique
1150 962 1269 1004 non
1309 945 1524 1023 potuit.
1592 945 1913 1023 Pompeius
1954 946 2112 1005 enim
2134 951 2173 1000 4

167 1030 606 1108 rescripserat,
639 1046 769 1090 sese
791 1047 919 1090 rem
951 1030 1013 1088 in
1036 1046 1329 1089 summum
1359 1028 1693 1107 periculum
1722 1029 2116 1089 deducturum

168 1131 305 1174 non
355 1132 520 1184 esse,
563 1131 755 1193 neque
785 1130 893 1175 suo
934 1112 1181 1172 consilio
1224 1118 1323 1172 aut
1367 1112 1665 1172 voluntate
1694 1111 2022 1173 Domitium
2050 1130 2115 1173 se

172 1198 243 1256 in
279 1198 576 1276 oppidum
606 1197 927 1258 Corfinium
959 1195 1312 1257 contulisse:
1354 1195 1632 1275 proinde,
1676 1198 1727 1257 si
1760 1215 1875 1275 qua
1903 1198 2117 1258 fuisset

174 1281 466 1352 facult-as,
498 1282 571 1342 ad
611 1300 674 1341 se
719 1299 854 1341 cum
895 1280 1171 1340 omnibus
1200 1281 1393 1358 copiis
1428 1281 1678 1340 veniret.
1760 1280 1825 1340 Id
1866 1298 1943 1341 ne
1981 1281 2171 1341 fierib

176 1374 427 1445 posset,
462 1364 774 1425 obsidione
805 1371 980 1443 atque
1011 1363 1212 1443 oppidi
1243 1365 1805 1426 circummunitione
1834 1362 2035 1424 fiebat.

317 1448 454 1509 XX.
502 1448 811 1525 Divulgato
833 1448 1074 1508 Domitii
1097 1447 1346 1508 consilio
1369 1447 1612 1518 militeS,
1637 1450 1741 1526 qui
1773 1456 1946 1508 erant
1969 1447 2111 1508 Cor·
2137 1456 2165 1505 ι

182 1534 340 1601 finii,
389 1534 586 1610 prima
625 1532 862 1610 vesperi
902 1534 1297 1593 secessionem
1334 1532 1565 1591 faciunt
1602 1538 1780 1611 atque
1832 1534 1914 1594 ita
1957 1533 2116 1592 inter

183 1635 251 1677 se
294 1632 412 1695 per
455 1614 728 1676 tribunos
769 1615 1023 1676 militum
1065 1617 1562 1695 centurionesque
1604 1622 1780 1695 atque
1821 1615 2115 1676 honestis·

186 1703 376 1762 simos
429 1701 522 1760 sui
575 1702 816 1776 generis
866 1700 1284 1760 conlocunturt
1338 1698 1605 1759 obsideri
1646 1717 1711 1759 se
1754 1718 1787 1759 a
1829 1699 2111 1769 Caesare;
2135 1708 2170 1756 2

187 1802 378 1863 opera
407 1785 888 1862 munitionesque
928 1801 1115 1863 prope
1162 1801 1293 1844 esse
1332 1785 1659 1862 perfectas;
1703 1783 1915 1843 ducem
1946 1801 2116 1844 suum

187 1867 554 1936 Domitium,
598 1870 768 1928 cuius
810 1886 914 1946 spe
945 1876 1122 1945 atque
1156 1868 1381 1928 ‘fiducia
1401 1869 1872 1946 permanserint,
1914 1869 2114 1946 proie-

191 1953 307 2012 ctis
337 1951 616 2011 omnibus
643 1952 818 2028 fugae
850 1952 1163 2012 consilium
1193 1968 1438 2029 capere:
1482 1950 1702 2011 debere
1744 1969 1807 2011 se
1850 1969 1991 2012 suae
2022 1969 2115 2011 sa·

193 2035 339 2095 lutis
372 2038 665 2094 rationem
693 2033 937 2094 habere.
998 2034 1086 2095 Ab
1114 2034 1211 2095 -his
1241 2036 1435 2113 primo
1464 2034 1643 2095 Marsi
1673 2034 1990 2096 dissentire
2018 2037 2110 2095 in·
2134 2044 2171 2093 3

195 2121 429 2200 cipiunt
453 2137 703 2197 eamque
725 2118 929 2199 oppidi
951 2125 1201 2199 partem,
1215 2136 1365 2198 quae
1380 2120 1777 2180 munitissima
1792 2120 2112 2191 videretur,

197 2211 505 2282 occupant,
538 2210 818 2282 tantaque
849 2205 1009 2264 inter
1039 2222 1142 2264 eos
1168 2204 1462 2264 dissensio
1498 2205 1734 2274 existit,
1779 2211 1848 2264 ut
1874 2223 2115 2264 manum

198 2305 513 2348 conserere
546 2295 719 2366 atque
752 2289 934 2349 armis
963 2288 1249 2349 dimicare
1280 2295 1601 2358 conentur;
1642 2294 1778 2368 post
1815 2288 1990 2366 paulo
2021 2295 2107 2348 ta·
2133 2296 2173 2344 4

200 2390 336 2432 men
365 2373 749 2432 internuntiis
792 2371 949 2432 ultro
980 2374 1249 2452 citroque
1282 2372 1512 2442 missiS,
1557 2390 1708 2451 quae
1738 2371 2113 2450 ignorabant,

203 2457 274 2516 de
307 2456 372 2516 L.
404 2456 646 2516 Domitii
684 2457 824 2533 fuga
866 2463 1246 2533 cognoscunt.
1317 2455 1526 2534 Itaque
1569 2473 1773 2517 omnes
1812 2472 1931 2516 uno
1973 2474 2111 2516 con·
2134 2464 2174 2514 5

203 2540 334 2601 silio
366 2539 684 2601 Domitium
720 2540 1074 2619 productum
1113 2542 1177 2600 in
1215 2538 1525 2620 publicum
1564 2541 2014 2601 circumsistunt
2056 2548 2118 2601 et

205 2625 538 2685 custodiunt
577 2625 919 2703 legatosque
960 2643 1033 2685 ex
1073 2642 1181 2685 suo
1219 2642 1469 2684 numero
1511 2624 1585 2684 ad
1628 2624 1939 2684 Caesarem
1976 2626 2115 2684 mit·

207 2716 362 2769 tunt:
397 2727 524 2769 sese
550 2715 790 2788 paratos
814 2726 944 2768 esse
974 2715 1177 2788 portas
1202 2710 1456 2788 aperire,
1490 2726 1759 2789 quaeque
1784 2710 2116 2788 imperave-

206 2795 302 2862 rit,
334 2794 525 2853 sacere
557 2801 617 2854 et
647 2793 712 2853 L.
745 2793 1067 2854 Domitium
1097 2795 1296 2854 vivum
1326 2796 1457 2853 eius
1487 2794 1768 2872 potestati
1798 2793 2057 2852 tradere.

328 2874 479 2936 XXI.
539 2874 768 2945 Quibus
796 2877 978 2938 rebus
1003 2879 1259 2956 cognitis
1282 2877 1519 2946 Caesar,
1553 2878 1665 2937 etsi
1694 2877 1894 2952 magni
1923 2878 2111 2935 inter·
2140 2884 2170 2932 ι

212 2978 333 3021 esse
363 2959 794 3031 arbitrabatur,
839 2979 1013 3039 quam
1044 2963 1304 3040 primum
1336 2960 1555 3040 oppido
1595 2961 1780 3038 potiri
1810 2957 2113 3019 cohortes-

209 3063 318 3124 que
356 3045 423 3104 ad
465 3062 529 3105 se
572 3047 636 3104 in
668 3052 859 3105 castra
889 3046 1233 3113 traducere,
1276 3062 1352 3105 ne
1397 3061 1512 3123 qua
1557 3051 1658 3104 aut
1701 3041 2120 3119 largitionibus

212 3136 308 3189 aut
332 3130 508 3189 animi
540 3129 984 3190 confirmatione
1015 3137 1118 3190 aut
1146 3130 1312 3190 falsis
1342 3128 1570 3189 nuntiis
1602 3128 1981 3186 commutatio
2009 3128 2114 3187 fie-

211 3220 299 3272 ret
324 3213 660 3283 voluntatiS,
707 3214 864 3293 quod
899 3232 1076 3293 saepe
1107 3216 1170 3274 in
1214 3212 1370 3273 bello
1411 3213 1609 3291 parvis
1647 3212 1962 3271 momentis
1992 3230 2114 3272 ma-

215 3299 307 3374 gni
346 3316 512 3358 casus
550 3298 1028 3368 intercederent,
1076 3305 1272 3358 tamen
1311 3298 1566 3366 verituS,
1610 3292 1688 3355 ne'
1728 3294 1985 3356 militum
2024 3298 2113 3356 in·
2133 3303 2170 3354 2

214 3382 382 3442 troitu
412 3390 468 3443 et
497 3383 775 3442 nocturni
806 3383 1096 3459 temporis
1138 3381 1382 3442 licentia
1413 3381 1698 3478 oppidum
1728 3379 2113 3459 diriperetur,

217 3483 336 3534 eos,
374 3468 471 3545 qui
512 3472 827 3535 venerant,
872 3464 1163 3525 collaudat
1204 3472 1380 3545 atque
1423 3467 1486 3524 in
1533 3464 1815 3563 oppidum
1848 3463 2111 3534 dimittit,

216 3558 396 3630 portas
433 3565 752 3630 murosque
794 3548 1094 3611 adservari
1135 3547 1321 3609 iubet.
1404 3548 1537 3649 Ipse
1578 3547 1651 3611 in
1688 3550 1765 3609 iis
1804 3548 2174 3681 ορεςίἱιιιεβ

1436 3632 1646 3743 Ξ-Ῑῖιέ

1899 3732 1930 3741 ⁴·—
