2750 4255
669 301 791 367 100
1324 305 1422 361 DE
1464 304 1693 361 BELLO
1740 305 1957 362 CIVILI

664 474 785 534 diei
815 473 1240 534 detrimentum
1268 474 1496 533 sarcire
1526 471 1771 552 reliquit
1808 475 1873 533 in
1901 489 2081 552 opere
2112 472 2391 534 cobortes
2421 472 2588 544 duas,

663 575 815 638 quae
844 559 1108 639 speciem
1129 558 1483 618 munitionis
1512 556 1905 635 praeberent:
1935 559 2066 637 ipse
2089 557 2326 618 diverso
2346 559 2589 627 itinere,

662 660 840 723 quam
896 643 1091 722 potuit
1148 641 1586 711 occultissime,
1648 642 1911 722 reliquas
1967 641 2275 712 cohortes,
2334 659 2592 702 numero

661 740 924 796 xxxm,
967 728 1032 787 in
1062 725 1284 805 quibus
1313 732 1446 786 erat
1481 725 1640 803 legio
1667 744 1825 786 nona
1855 726 2057 786 multis
2097 727 2336 787 amissis
2379 732 2592 787 centu·

662 811 938 873 rionibus
960 810 1387 889 deminutoque
1411 811 1669 871 militum
1692 828 1960 880 numero,
1988 810 2060 870 ad
2090 810 2392 888 legionem
2417 810 2593 872 Pom·

611 905 643 953 3
663 899 765 976 pei
816 902 1126 973 castraque
1177 895 1411 955 minora
1452 894 1675 974 duplici
1727 896 1853 956 acie
1898 895 2119 955 eduxit.
2200 894 2411 974 Neque
2457 913 2597 955 eum
2672 970 2673 975 γ

663 983 861 1060 prima
892 981 1096 1058 opinio
1125 978 1351 1039 fefellit.
1411 978 1561 1040 Nam
1602 987 1663 1040 et
1700 981 1994 1058 pervenit,
2037 981 2388 1058 priusquam
2419 979 2595 1040 Pom·

664 1067 838 1144 peius
868 1063 1088 1123 sentire
1117 1070 1350 1142 posset,
1396 1071 1457 1123 et
1500 1066 1735 1125 tametsi
1766 1072 1937 1125 erant
1967 1064 2334 1124 munitiones
2363 1070 2596 1125 castro-

663 1165 800 1208 rum
829 1163 1098 1224 magnae,
1129 1154 1328 1208 tamen
1358 1149 1606 1208 sinistro
1636 1165 1842 1218 cornu,
1886 1147 1991 1208 ubi
2032 1155 2165 1208 erat
2191 1149 2344 1227 ipse,
2376 1148 2594 1208 celeri·

608 1241 641 1290 4
664 1241 760 1293 ter
790 1231 1106 1309 adgressus
1133 1231 1528 1311 Pompeianos
1556 1250 1629 1293 ex
1655 1231 1806 1293 vallo
1836 1231 2195 1293 deturbavit.
2247 1231 2394 1292 Erat
2426 1231 2596 1293 obie-

665 1324 798 1378 ctus
836 1317 1028 1395 portis
1066 1317 1312 1377 ericius.
1393 1315 1508 1377 Hic
1556 1317 1861 1395 paulisper
1901 1324 1993 1377 est
2042 1323 2400 1395 pugnatum,
2461 1334 2595 1377 cum

665 1404 1013 1480 inrumpere
1044 1403 1234 1461 nostri
1265 1407 1644 1470 conarentur,
1680 1400 1771 1460 illi
1800 1407 1993 1461 castra
2023 1401 2442 1470 defenderent,
2477 1402 2593 1461 for›

663 1487 898 1547 tissime
938 1484 1074 1545 Tito
1116 1485 1397 1553 Pulione,
1455 1485 1627 1544 cuius
1676 1501 1858 1563 opera
1907 1484 2212 1563 proditum
2257 1487 2595 1546 exercitum

614 1578 647 1627 5
668 1571 732 1632 C.
764 1569 982 1630 Antoni
1014 1567 1579 1638 demonstravimuS,
1626 1585 1660 1628 e
1700 1568 1830 1629 loco
1859 1575 2291 1648 propugnante.
2352 1568 2480 1630 Sed
2511 1576 2590 1630 ta·

665 1671 805 1714 men
843 1654 1035 1713 nostri
1082 1654 1300 1712 virtute
1348 1653 1621 1712 vicerunt
1672 1655 1989 1732 excisoque
2042 1654 2231 1714 ericio
2280 1655 2485 1732 primo
2533 1655 2591 1714 in

585 1765 601 1781 ι
666 1738 893 1797 maiora
921 1743 1147 1806 castra,
1187 1743 1324 1816 post
1353 1737 1532 1796 etiam
1560 1738 1626 1797 in
1655 1737 1989 1807 castellum,
2031 1737 2192 1817 quod
2234 1745 2367 1798 erat
2398 1737 2588 1800 inclu-

666 1839 798 1881 sum
826 1819 1154 1881 maioribus
1186 1821 1416 1891 castriS,
1448 1822 1808 1899 inruperunt
1829 1829 1908 1892 et,
1941 1822 2101 1901 quod
2131 1840 2202 1882 eo
2233 1821 2403 1902 pulsa
2435 1823 2591 1900 legio

665 1923 797 1967 sese
827 1912 1159 1984 receperat,
1192 1905 1509 1967 nonnullos
1537 1904 1627 1966 ibi
1655 1913 2059 1986 repugnantes
2086 1907 2551 1968 interfecerunt.

618 2000 644 2048 ι
792 1988 1046 2051 LXVIII.
1107 1988 1224 2050 Sed
1255 1990 1524 2061 fortuna,
1567 2008 1719 2070 quae
1750 1990 2076 2070 plurimum
2118 1997 2317 2070 potest
2360 2008 2505 2052 cum
2532 1993 2589 2051 in

666 2074 918 2154 reliquis
946 2073 1131 2136 rebus
1171 2081 1299 2136 tum
1336 2077 1662 2155 praecipue
1701 2077 1768 2137 in
1808 2073 1996 2147 bello,
2037 2076 2237 2156 parvis
2277 2076 2590 2138 momentis

667 2176 908 2238 magnas
961 2177 1165 2221 rerum
1214 2162 1710 2221 commutationes
1760 2161 1976 2232 efficit;
2034 2168 2102 2221 ut
2159 2167 2291 2221 tum
2350 2162 2587 2222 accidit.

612 2253 644 2301 2
669 2244 1090 2313 Munitionem,
1134 2262 1311 2323 quam
1352 2247 1663 2323 pertinere
1705 2262 1739 2305 a
1778 2247 1991 2307 castris
2033 2244 2106 2306 ad
2146 2244 2371 2306 flumen
2412 2262 2591 2325 supra

666 2328 1232 2398 demonstravimuS,
1287 2328 1484 2389 dextri
1526 2329 1798 2391 Caesaris
1836 2347 2055 2391 cornus
2094 2329 2372 2391 cohortes
2419 2331 2589 2409 igno·

670 2413 869 2470 rantia
898 2411 1017 2471 loci
1048 2421 1186 2472 sunt
1218 2419 1480 2483 secutae,
1524 2431 1660 2473 cum
1698 2421 1933 2492 portam
1970 2421 2329 2493 quaererent
2370 2422 2590 2475 castro·

616 2503 647 2552 3
667 2510 923 2573 rumque
955 2512 1087 2554 eam
1115 2498 1511 2557 munitionem
1540 2516 1671 2558 esse
1718 2496 2181 2559 arbitrarentur.
2256 2496 2426 2569 Quod
2462 2516 2592 2559 cum

667 2585 826 2639 esset
867 2579 1368 2650 animadversum,
1424 2583 1803 2643 coniunctam
1842 2600 1974 2644 esse
2014 2582 2277 2654 flumini,
2330 2583 2593 2661 prorutis

665 2661 1104 2724 munitionibus
1134 2663 1489 2725 defendente
1519 2665 1680 2726 nullo
1711 2665 2238 2738 transcenderunt,
2281 2669 2590 2747 omnisque

665 2752 873 2808 noster
904 2749 1204 2827 equitatus
1234 2766 1335 2809 eas
1366 2749 1647 2811 cohortes
1677 2759 1770 2812 est
1797 2758 2057 2813 secutus.

616 2840 644 2891 1
793 2831 1078 2894 LXVIIII.
1127 2833 1377 2894 Interim
1398 2833 1719 2914 Pompeius
1747 2835 1858 2895 hac
1893 2838 2040 2896 satis
2069 2835 2243 2913 longa
2275 2837 2591 2897 interiecta

663 2933 831 2977 mora
874 2924 932 2978 et
973 2935 1041 2978 re
1082 2919 1353 2980 mmtiata
1383 2933 1431 2981 v
1470 2919 1736 2997 legiones
1778 2920 1853 2980 ab
1894 2938 2076 3000 opere
2118 2919 2404 2981 deductas
2453 2920 2591 2983 sub·

666 3000 821 3062 sidio
849 3003 977 3063 suis
1005 3001 1204 3074 duxit;
1236 3004 1565 3082 eodemque
1588 3011 1857 3083 tempore
1881 3008 2184 3084 equitatus
2211 3006 2342 3066 eius
2370 3006 2591 3067 nostris
2672 3033 2673 3056 z

665 3085 972 3164 equitibus
1014 3085 1558 3168 adpropinquabat,
1613 3096 1673 3149 et
1719 3089 1880 3149 acies
1928 3092 2223 3150 instructa
2265 3108 2300 3151 a
2350 3081 2587 3157 nostris,
2672 3115 2673 3152 ς

664 3171 769 3248 qui
792 3177 986 3231 castra
1007 3179 1461 3250 occupaverant,
1485 3172 1865 3243 cernebatur,
1891 3175 2370 3253 omniaque-sunt
2392 3174 2589 3235 subito

611 3262 643 3311 2
667 3259 913 3315 mutata.
971 3254 1157 3332 Legio
1187 3255 1550 3336 Pompeiana
1579 3257 1800 3318 celeris
1828 3276 1933 3337 spe
1962 3257 2218 3319 subsidii
2248 3259 2586 3320 confirmata

665 3336 740 3397 ab
772 3337 1098 3399 decumana
1126 3345 1301 3419 porta
1329 3342 1616 3402 resistere
1645 3340 1976 3403 conabatur
2004 3350 2183 3420 atque
2206 3341 2413 3402 ultro
2394 3361 2458 3403 ιιι
2487 3359 2586 3402 no·

665 3428 823 3481 stros
852 3421 1141 3500 impetum
1170 3422 1449 3485 faciebat.
1494 3424 1810 3504 Equitatus
1827 3426 2118 3495 CaesariS,
2153 3425 2313 3504 quod
2342 3431 2585 3525 angusto

665 3504 888 3564 itinere
929 3523 1040 3584 per
1081 3523 1330 3584 aggeres
1359 3509 1747 3580 ascendebat,
1783 3512 2056 3590 receptui
2086 3527 2194 3570 suo
2225 3511 2448 3571 timens
2476 3509 2584 3569 ini·

612 3594 644 3644 8
670 3589 821 3649 tium
851 3589 1027 3669 fugae
1058 3590 1337 3653 faciebat.
1391 3592 1678 3655 Dextrum
1701 3612 1905 3665 cornu,
1931 3593 2089 3675 quod
2120 3601 2251 3655 erat
2279 3612 2314 3655 a
2345 3596 2583 3656 sinistro
