2750 4255
495 295 724 360 COMM.
737 304 782 361 1.
811 303 946 362 cAP.
975 299 1394 358 me-
1417 299 1726 373 COMMJI.
1756 301 1909 360 CAP.
1921 302 1991 359 11.
2120 295 2209 361 43

429 497 505 551 11.
574 497 895 550 Curionis
929 499 1000 549 iu
1033 496 1263 550 Africa
1297 512 1406 550 res
1442 503 1671 563 gestae
1704 503 1769 550 et
1803 501 2038 551 exitus.

409 614 470 666 G.
495 614 662 667 Curio
686 613 934 669 Caesaris
965 615 1180 680 legatus
1211 615 1280 666 ad
1301 615 1520 666 Uticam
1548 616 1684 673 bene
1707 631 1819 666 rem
1841 617 1983 681 gerit
2012 622 2205 668 eontra

251 683 323 735 P.
363 683 584 734 Attium
617 682 839 745 Varum,
874 698 919 732 e.
944 682 1494 745 xxm—XXXVII„
1537 683 1630 734 sed
1664 683 1872 747 proelio
1906 689 2104 734 temere
2134 685 2206 735 ed

252 749 576 815 Bagradam
609 749 663 800 fl.
698 750 980 800 commisso
1014 766 1048 801 a
1081 750 1228 801 Varo
1261 754 1317 800 et
1351 749 1591 800 Saburra
1633 749 1797 801 Iubae
1838 751 1984 815 regis
2017 751 2205 801 Numi-

251 817 461 869 darum
495 816 767 882 praefecto
802 820 1088 882 superatus
1122 815 1464 880 interficitur,
1499 833 1545 869 o.
1569 817 2205 872 XXXVIII—XXXXII.

256 884 567 939 Exercitus
609 884 874 950 reliquiae
915 885 1117 949 partim
1159 885 1219 935 in
1267 883 1511 937 Siciliam
1555 899 1613 935 se
1655 884 1951 950 recipiunt,
2002 885 2207 949 partim
2327 864 2332 869 ⁵

254 950 421 1006 Varo
447 967 505 1004 se
528 951 749 1016 dedunt,
772 951 971 1021 partim
987 967 1022 1002 a
1037 951 1175 1002 Iuba.
1191 957 1471 1015 necantur,
1495 951 2205 1004 exxxxmxxxxlm.

401 1137 451 1199 1.
510 1137 662 1200 Dum
692 1137 841 1201 haec
870 1140 936 1198 in
964 1136 1254 1218 Hispania
1281 1147 1605 1217 geruntur,
1646 1140 1711 1202 C.
1746 1139 2084 1205 Trebonius
2112 1139 2198 1200 le·
2223 1103 2254 1155 ²

268 1228 467 1301 gatus,
501 1224 604 1302 qui
636 1222 710 1283 ad
740 1225 1245 1302 oppugnationem
1273 1223 1572 1286 Massiliae
1600 1225 1848 1286 relictus
1877 1230 2022 1294 erat,
2062 1223 2204 1287 dua·

267 1305 392 1367 bus
423 1323 496 1367 ex
538 1305 815 1385 partibus
842 1324 1153 1385 aggerem,
1196 1310 1402 1370 vineas
1445 1316 1764 1386 turresque
1802 1308 1878 1371 ad
1919 1308 2203 1388 oppidum
2224 1357 2257 1407 2

266 1407 459 1468 agere
502 1391 784 1452 instituit.
853 1390 983 1452 Una
1028 1398 1158 1453 erat
1202 1394 1476 1473 proxima
1515 1394 1719 1472 portui
1759 1391 2202 1471 navalibusque,

269 1474 466 1535 altera
496 1473 570 1535 ad
601 1481 852 1553 portam,
924 1493 1000 1536 ua
1030 1482 1122 1537 est
1150 1477 1346 1539 aditus
1374 1495 1449 1543 ex
1472 1477 1662 1539 Gallia
1690 1483 1869 1556 atque
1898 1476 2201 1555 Hispania,

270 1558 350 1619 aa
390 1558 455 1619 id
496 1576 692 1629 mare,
734 1558 893 1639 quod
935 1548 1186 1638 adiacet]
1207 1562 1280 1623 ad
1320 1563 1540 1624 ostium
1579 1561 1872 1625 Rhodani.
1943 1527 2258 1627 Massilia⁸
2296 1539 2550 1661 [ἐι-πάξ

271 1644 439 1706 enim
478 1643 608 1704 fere
640 1662 714 1705 ex
750 1643 945 1707 tribus
973 1645 1179 1724 oppidi
1219 1645 1494 1726 partibus
1533 1647 1687 1707 mari
1727 1644 2020 1715 adluitur:
2061 1643 2204 1707 reli·

271 1745 394 1807 qua
423 1735 632 1808 quarta
663 1735 780 1799 est,
816 1745 968 1806 quae
1000 1730 1224 1791 aditum
1252 1729 1472 1791 habeat
1492 1730 1568 1792 ab
1598 1737 1781 1792 terra.
1834 1729 2025 1790 Huius
2054 1747 2204 1809 quo·

273 1829 395 1891 que
424 1814 605 1891 spatii
633 1830 774 1891 pars
805 1832 893 1883 ea,
926 1832 1080 1893 quae
1109 1812 1182 1874 ad
1213 1831 1412 1876 arcem
1444 1817 1726 1892 pertinet,
1758 1814 1875 1874 loci
1904 1819 2115 1875 natura
2146 1818 2208 1874 et

274 1895 429 1955 valle
459 1895 744 1956 altissima
767 1898 998 1957 munita
1025 1896 1262 1972 longam
1280 1904 1342 1958 et
1363 1898 1671 1959 difficilem
1698 1895 1880 1958 habet
1900 1914 2203 1976 oppugna-

276 1980 527 2041 tionem.
600 1978 687 2039 Ad
730 1997 800 2041 ea
841 1979 1202 2060 perficienda
1232 1999 1414 2059 opera
1455 1981 1520 2042 C.
1551 1979 1891 2041 Trebonius
1928 1997 2204 2058 magnam

275 2064 685 2125 iumentorum
725 2070 904 2142 atque
940 2064 1250 2126 hominum
1292 2063 1712 2125 mulitudinem
1753 2081 1825 2124 ex
1865 2065 2027 2124 omni
2066 2081 2205 2143 pro·

276 2150 475 2209 vincia
502 2154 704 2219 vocat;
735 2150 959 2210 vimina
976 2150 1404 2227 materiamque
1425 2150 1787 2229 comportari
1815 2146 2002 2210 iubet.
2062 2147 2206 2218 Qui-

278 2232 392 2295 bus
443 2236 809 2313 comparatis
858 2232 1045 2294 rebus
1093 2250 1373 2311 aggerem
1429 2234 1496 2294 in
1555 2232 1929 2294 altitudinem
1985 2231 2207 2311 pedum

280 2330 473 2377 Lxxx
502 2320 727 2380 extruit

407 2400 481 2461 Il.
570 2402 689 2464 Sed
744 2404 897 2465 tanti
948 2410 1123 2464 erant
1172 2404 1503 2481 antiquitus
1556 2405 1621 2463 in
1674 2400 1893 2481 oppido
1936 2403 2205 2466 omnium
2227 2404 2257 2453 1

285 2503 486 2548 rerum
527 2486 601 2548 ad
640 2485 865 2549 bellum
906 2493 1224 2567 apparatus
1263 2494 1546 2567 tantaque
1584 2485 1900 2547 multitudo
1942 2492 2206 2547 tormen·

285 2578 507 2640 torum,
552 2577 619 2632 ut
657 2589 866 2633 eorum
894 2574 1018 2632 vim
1045 2571 1243 2632 nullae,
1284 2578 1595 2633 contextae
1633 2569 1960 2632 viminibus
1996 2572 2206 2631 vineae

288 2656 581 2716 sustinere
620 2662 885 2734 possent.
954 2655 1200 2717 Asseres
1241 2658 1403 2717 enim
1452 2655 1671 2735 pedum
1710 2666 1815 2716 XII
1855 2654 2258 2733 cuspidibus2

288 2739 551 2820 praefixi,
583 2746 760 2818 atque
788 2738 854 2800 hi
883 2742 1162 2801 maximis
1191 2739 1448 2802 ballistis
1476 2741 1667 2811 missi,
1696 2756 1808 2819 per
1828 2752 1939 2800 1111
1966 2740 2209 2801 ordines

289 2824 539 2884 cratium
578 2824 642 2884 in
683 2829 848 2884 terra
888 2823 1316 2901 defigebantur.
1398 2822 1604 2904 Itaque
1657 2823 1974 2904 pedalibus
2021 2825 2257 2901 lignisa

290 2908 619 2969 coniunctis
639 2908 800 2968 inter
822 2926 886 2967 se
916 2910 1185 2987 porticus
1206 2907 1652 2985 integebantur,
1685 2918 1865 2998 atque
1889 2908 2002 2968 hac
2025 2923 2209 2984 agger

289 2995 445 3054 inter
484 3008 694 3052 manus
734 2991 1171 3071 proferebatur.
1242 2990 1651 3052 Antecedebat
1700 2990 1936 3052 testudo
1985 2989 2205 3069 pedum
2225 2998 2262 3048 4

291 3090 380 3138 Lx
422 3075 713 3154 aequandi
756 3075 872 3136 loci
916 3093 1092 3137 causa
1132 3075 1291 3136 facta
1321 3077 1470 3135 item
1500 3091 1572 3135 ex
1615 3075 1964 3136 fortissimis
2006 3075 2206 3152 lignis,

291 3160 595 3222 convoluta
636 3158 917 3221 omnibus
954 3159 1168 3229 rebus,
1213 3158 1434 3240 quibus
1471 3160 1630 3237 ignis
1670 3160 1860 3220 iactus
1889 3164 1951 3219 e't
1981 3158 2209 3239 lapides

292 3245 524 3306 defendi
568 3251 830 3323 possent.
903 3243 1020 3304 Sed
1063 3243 1412 3322 magnitudo
1441 3260 1719 3323 operum,
1766 3242 2015 3304 altitudo
2050 3243 2259 3305 muria

295 3337 462 3408 atque
504 3331 794 3398 turrium,
836 3327 1153 3390 multitudo
1200 3334 1635 3389 tormentorum
1677 3345 1915 3388 omnem
1953 3326 2207 3389 admini-

295 3415 630 3475 strationem
659 3411 951 3475 tardabat.
1012 3410 1273 3474 Crebrae
1303 3413 1482 3474 etiam
1527 3431 1638 3493 per
1667 3410 1906 3473 Albicos
1941 3414 2205 3491 eruptio·
2228 3419 2262 3469 6

296 3514 394 3558 nes
421 3495 646 3559 fiebant
672 3515 745 3558 ex
776 3496 993 3577 oppido
1021 3498 1309 3577 ignesque
1340 3498 1547 3575 aggeri
1590 3503 1652 3558 et
1687 3494 1957 3558 turribus
1983 3498 2208 3557 infere-

298 3579 536 3652 bantur;
567 3599 720 3663 quae
749 3581 924 3643 facile
954 3583 1145 3643 nostri
1187 3581 1410 3642 milites
1438 3579 1829 3663 repellebant,
1861 3582 2211 3663 magnisque

2549 1517 2560 1531 θ
2682 1510 2710 1521 ἡ

2555 1525 2704 1599 ‘aflt'ae

2549 1646 2601 1687 l)
2619 1642 2648 1683 ’1,
2665 1676 2678 1697 ,
