2750 4255
687 340 728 405 6
1328 340 1426 395 DE
1467 340 1698 396 BELLO
1746 340 1865 397 CIV
1865 341 1965 397 ILI

685 508 818 569 eius
845 507 1344 569 existimationem
1378 507 1845 587 dignitatemque
1876 507 1950 569 ab
1977 508 2236 570 inimicis
2262 508 2658 574 defendant.

633 599 664 648 '1
689 591 1070 652 Conclamant
1105 591 1360 670 legionis
1393 605 1577 663 xm„
1620 611 1772 672 quae
1811 594 2044 663 aderat,
2087 592 2311 655 milites
2336 627 2430 638 —
2469 596 2668 657 banc

688 678 848 737 enim
886 677 1061 737 initio
1088 676 1379 738 tumultus
1406 684 1782 748 evocaverat3
1825 677 2092 757 reliquae
2132 679 2401 740 nondum
2436 698 2658 741 vene-

685 769 824 822 rant
849 794 953 831 ———,
985 779 1118 823 sese
1148 768 1385 841 paratos
1416 778 1548 822 esse
1577 763 2076 842 imperatorissssui
2106 763 2656 845 tribunorumque

685 845 880 924 plebis
909 847 1163 907 iniurias
1193 845 1535 906 defendere.

637 940 663 987 1
815 929 968 991 VIII.
1041 930 1287 1008 Cognita
1325 929 1586 991 militum
1624 930 1924 992 voluntate
1964 932 2297 994 Ariminum
2348 951 2500 994 cum
2567 953 2668 996 ea¹

684 1015 920 1092 legione
961 1016 1361 1094 proficiscitur
1399 1014 1607 1095 ibique
1633 1016 1906 1077 tribunos
1947 1016 2167 1096 plebis,
2209 1019 2313 1095 qui
2354 1018 2437 1077 ad
2481 1036 2651 1079 eum

686 1098 1090 1176 confugerant,
1124 1101 1431 1170 convenit3
1475 1099 1734 1179 reliquas
1771 1098 2037 1178 legiones
2065 1119 2138 1162 ex
2166 1101 2448 1162 hibernis
2482 1119 2648 1163 evo·

632 1192 665 1241 2
690 1189 785 1244 cat
825 1190 886 1244 et
934 1183 1218 1265 subsequi
1266 1182 1456 1245 iubet.
1535 1184 1620 1245 Eo
1659 1185 1728 1247 L.
1761 1185 1977 1247 Caesar
2028 1185 2373 1247 adolescens
2425 1190 2644 1258 venit,

685 1270 857 1330 cuius
884 1276 1056 1348 pater
1077 1270 1346 1330 Caesaris
1369 1276 1498 1329 erat
1527 1269 1776 1346 legatus,
1829 1268 1886 1329 Is
1907 1268 2135 1349 reliquo
2157 1287 2437 1331 sermone
2470 1288 2645 1332 con-

683 1354 872 1425 fecto,
921 1356 1090 1414 cuius
1132 1356 1239 1426 rei·
1267 1370 1442 1415 causa
1473 1362 1745 1423 venerat,
1793 1353 2016 1414 habere
2055 1370 2120 1414 se
2155 1372 2188 1414 a
2216 1354 2514 1433 Pompeio
2546 1357 2643 1417 ad

632 1446 664 1495 3
688 1457 823 1500 eum
852 1441 1071 1518 privati
1101 1439 1284 1499 officii
1313 1437 1589 1498 mandata
1621 1437 2015 1499 demonstrat:
2060 1439 2221 1500 Velle
2250 1438 2641 1517 Pompeium

685 1542 748 1585 se
773 1523 1012 1584 Caesari
1042 1529 1380 1602 purgatum,
1411 1538 1487 1580 ne
1511 1539 1600 1589 ea,
1625 1539 1775 1602 quae
1799 1522 2167 1600 reipublicae
2191 1541 2370 1583 causa
2392 1525 2634 1601 egerit,

682 1609 746 1669 in
778 1625 944 1667 suam
974 1605 1396 1666 contumeliam
1425 1612 1634 1665 vertat.
1684 1604 1935 1684 Semper
1955 1623 2019 1666 se
2042 1606 2414 1685 reipublicae
2446 1625 2633 1670 com-

683 1690 857 1751 moda
889 1691 1136 1770 privatis
1164 1688 1711 1749 necessitudinibus
1741 1689 2023 1751 habuisse
2061 1693 2316 1770 potiora.
2390 1692 2630 1754 Caesa-

684 1794 814 1836 rem
854 1792 1088 1853 quoque
1127 1791 1237 1853 pro
1268 1791 1373 1833 sua
1405 1773 1688 1850 dignitate
1719 1773 1939 1836 debere
1982 1783 2044 1835 et
2080 1776 2341 1841 studium
2383 1776 2445 1836 et
2486 1778 2627 1838 ira·
2667 1803 2668 1824 ι

684 1859 960 1920 cundiam
991 1875 1157 1919 suam
1196 1856 1567 1936 reipublicae
1599 1858 1901 1919 dimittere
1930 1878 2124 1940 neque
2154 1861 2301 1921 adeo
2338 1861 2628 1938 graviter

682 1945 863 2005 irasci
893 1945 1174 2013 inimicis,
1205 1948 1289 2012 ut,
1323 1959 1459 2002 cum
1487 1940 1609 2003 illis
1637 1962 1857 2004 nocere
1886 1962 1950 2005 se
1980 1953 2203 2025 speret,
2233 1944 2623 2024 reipublicae

629 2036 913 2090 4noceat.
993 2028 1189 2089 Pauca
1229 2026 1498 2089 eiusdem
1553 2031 1792 2105 generis
1835 2029 1997 2090 addit
2047 2047 2180 2089 cum
2222 2029 2623 2091 excusatione

679 2115 924 2194 Pompei
954 2114 1294 2174 coniuncta.
1346 2111 1570 2174 Eadem
1599 2113 1725 2175 sere
1750 2121 1926 2193 atque
1950 2113 2175 2174 eisdem
2197 2111 2400 2172 verbis
2429 2130 2622 2189 prae-

679 2208 776 2260 tor
803 2199 1054 2259 Roscius
1085 2199 1207 2274 agit
1246 2215 1384 2257 cum
1415 2196 1665 2258 Caesare
1695 2197 1931 2274 sibique
1959 2197 2309 2275 Pompeium
2342 2211 2617 2256 comme-

679 2299 942 2343 morasse
973 2281 1356 2342 demonstrat.

633 2377 659 2425 1
809 2365 982 2427 v1111.
1045 2365 1207 2437 Quae
1237 2384 1338 2427 res
1368 2368 1482 2427 etsi
1512 2365 1664 2427 nihil
1699 2366 1771 2426 ad
1813 2365 2092 2425 levandas
2120 2364 2371 2443 iniurias
2411 2369 2608 2442 perti-

680 2469 824 2512 nere
846 2449 1218 2521 videbantur,
1250 2457 1450 2512 tamen
1480 2451 1726 2511 idoneos
1756 2454 1964 2509 nactus
1992 2448 2283 2517 homines,
2314 2465 2421 2527 per
2448 2466 2602 2528 quos

680 2554 780 2606 ea,
822 2553 974 2615 quae
1002 2535 1206 2606 vellet,
1255 2535 1329 2596 ad
1361 2553 1499 2596 eum
1528 2535 1974 2613 perferrentur,
2018 2535 2168 2611 petit
2207 2532 2282 2593 ab
2327 2539 2598 2613 utroque,

678 2621 956 2701 quoniam
985 2619 1232 2698 Pompei
1261 2619 1536 2679 mandata
1572 2617 1645 2678 ad
1676 2636 1739 2678 se
1772 2616 2121 2686 detulerint,
2165 2635 2238 2677 ne
2279 2624 2598 2694 graventur

677 2722 783 2766 sua
806 2722 1040 2784 quoque
1066 2704 1137 2765 ad
1169 2722 1306 2764 eum
1334 2702 1631 2783 postulata
1662 2699 1917 2770 deferre,
1951 2702 2003 2761 si
2031 2719 2212 2780 parvo
2241 2700 2439 2762 labore
2467 2720 2594 2763 ma-

676 2806 823 2868 gnas
874 2790 1309 2849 controversias
1366 2786 1575 2846 tollere
1635 2792 1812 2865 atque
1867 2803 2102 2847 omnem
2151 2784 2394 2847 Italiam'
2431 2792 2593 2848 metu

623 2884 654 2932 2
678 2873 935 2935 liberare
963 2874 1215 2952 possint.
1279 2870 1410 2931 Sibi
1439 2887 1679 2948 semper
1717 2871 1973 2948 primam
2014 2869 2378 2949 reipublicae
2406 2870 2589 2930 fuisse

675 2959 1027 3036 dignitatem
1065 2958 1303 3032 vitaque
1343 2955 1662 3033 potiorem.
1742 2952 2014 3014 Doluisse
2054 2971 2149 3025 se,
2191 2954 2349 3034 quod
2390 2955 2585 3032 populi

673 3043 924 3103 Romani
967 3039 1327 3101 beneficium
1358 3038 1477 3099 sibi
1514 3056 1624 3118 per
1653 3038 2069 3101 contumeliam
2102 3038 2176 3098 ab
2206 3039 2457 3098 inimicis
2484 3054 2582 3097 ex-

672 3131 1072 3205 torqueretur,
1106 3131 1432 3202 ereptoque
1456 3125 1773 3183 semenstri
1802 3124 2057 3201 imperio
2082 3124 2147 3183 in
2171 3121 2380 3182 urbem
2401 3128 2577 3182 retra-

671 3211 951 3279 heretur,
995 3209 1165 3268 cuius
1205 3207 1469 3269 absentis
1511 3208 1807 3268 rationem
1846 3207 2056 3268 haberi
2098 3208 2383 3286 proximis
2408 3208 2575 3266 comi·
2667 3232 2668 3237 ¹

617 3305 650 3354 3
672 3293 770 3355 tiis
801 3292 1055 3372 populus
1082 3292 1373 3352 iussisset.
1443 3289 1668 3352 Tamen
1708 3291 1861 3351 hanc
1901 3294 2193 3353 iacturam
2233 3290 2464 3351 honoris
2488 3289 2571 3350 sui

669 3376 1040 3457 reipublicae
1062 3394 1238 3437 causa
1262 3392 1453 3455 aequo
1475 3378 1674 3436 animo
1705 3376 1944 3446 tulisse;
1975 3393 2109 3435 cum
2139 3375 2369 3436 litteras
2396 3374 2459 3435 ad
2483 3393 2568 3435 se·

669 3470 876 3526 natum
905 3461 1157 3531 miserit,
1193 3468 1259 3522 ut
1281 3477 1488 3520 omnes
1513 3460 1587 3520 ab
1612 3459 1980 3520 exercitibus
2005 3458 2393 3528 discederent,
2420 3476 2485 3519 ne
2510 3460 2570 3519 id

617 3557 651 3605 4
673 3546 915 3627 quidem
944 3546 1373 3625 impetravisse.
1428 3543 1574 3604 Tota
1600 3544 1769 3605 Italia
1794 3544 2060 3604 delectus
2088 3542 2316 3613 haberi,
2347 3545 2570 3603 retineri

666 3632 936 3710 legiones
963 3642 1037 3701 11,
1083 3647 1233 3710 quae
1265 3628 1339 3690 ab
1372 3646 1436 3690 se
1468 3628 1844 3690 simulatione
1877 3627 2144 3689 Parthici
2162 3627 2317 3705 ‘belli
2347 3629 2452 3689 sint
2474 3625 2567 3688 ab·
