2750 4255
570 274 655 340 ‘18
1215 280 1313 336 DE
1354 279 1585 338 BELLO
1632 279 1850 337 crvlm
2605 88 2655 479 ς

521 447 780 509 bdurior
805 448 1082 508 inventus
1109 453 1201 508 est
1229 446 1486 508 Coelius.
1568 445 1672 508 Set
1711 445 1784 507 ab
1814 446 1928 508 hoc
1956 446 2263 525 profectus
2291 446 2499 515 initio,

570 549 647 594 ne
695 533 918 593 frustra
968 533 1276 609 ingressus
1325 538 1562 609 turpem
1612 547 1848 591 causam
1896 530 2234 600 videretur,
2293 530 2505 609 legem

568 616 990 696 promulgavit,-
1010 622 1078 676 ut
1105 617 1354 678 sexenni
1386 615 1483 675 die
1513 617 1641 676 sine
1671 617 1872 675 usuris
1902 615 2164 676 creditae
2194 617 2506 695 pecuniae

571 700 894 762 solvantur.

518 794 548 842 ι
695 784 849 846 ΧΧΙ.
917 786 1063 846 Cum
1093 786 1405 845 resisteret
1433 783 1722 845 Servilius
1750 784 1956 844 consul
1997 783 2350 862 reliquique
2368 801 2507 844 ma·

568 870 882 947 gistratus,
924 876 987 929 et
1023 870 1221 928 minus
1260 869 1542 947 opinione
1584 885 1690 929 sua
1731 869 2026 937 efficeret,
2067 867 2141 928 ad
2181 867 2507 928 hominum

568 952 880 1017 excitanda
921 952 1116 1013 studia
1158 950 1389 1013 sublata
1439 953 1641 1031 priore
1689 953 1821 1030 lege
1875 953 2022 1013 duas
2069 949 2505 1031 promulgavit,

567 1055 776 1106 unam,
821 1054 936 1116 qua
966 1034 1273 1097 mercedes
1299 1035 1734 1097 habitationum
1765 1054 1992 1098 annuas
2022 1035 2511 1107 conductoribus

513 1129 546 1179 2
571 1122 828 1189 donavit,
860 1120 1035 1181 aliam
1065 1118 1402 1181 tabularum
1429 1138 1745 1191 novarum,
1778 1123 2122 1200 impetuque
2151 1119 2504 1180 multitudi-

567 1206 664 1265 nis
703 1207 767 1265 in
808 1204 871 1265 C.
914 1202 1282 1266 Trebonium
1331 1205 1491 1266 facto
1532 1211 1594 1266 et
1632 1204 1934 1265 nonnullis
1984 1203 2309 1264 vulneratis
2348 1222 2504 1265 eum

512 1297 546 1346 8
569 1289 642 1349 de
672 1287 960 1349 tribunali
989 1288 1345 1350 deturbavit.
1409 1288 1495 1349 De
1518 1287 1738 1368 quibus
1759 1288 1942 1349 rebus
1964 1287 2252 1348 Servilius
2280 1287 2503 1349 consul

569 1373 642 1434 ad
672 1380 944 1434 senatum
970 1373 1202 1443 retulit,
1244 1379 1605 1450 senatusque
1634 1373 1901 1435 Coelium
1944 1371 2020 1445 ab
2050 1371 2498 1451 republican-

567 1457 924 1518 movendum
952 1458 1208 1517 censuit.
1279 1456 1405 1517 Hoc
1435 1457 1677 1518 decreto
1705 1475 1841 1518 eum
1873 1454 2079 1517 consul
2107 1463 2322 1517 senatu
2348 1467 2498 1535 pro⁴

515 1548 550 1597 4
572 1539 771 1602 hibuit
810 1547 870 1600 et
909 1542 1243 1601 contionari
1292 1549 1604 1601 conantem
1645 1541 1719 1601 de
1767 1542 1982 1602 rostris
2026 1540 2292 1601 deduxit.
2379 1539 2497 1601 Ille

567 1625 891 1701 ignominia
921 1631 983 1684 et
1012 1623 1215 1684 dolore
1243 1632 1552 1702 permotus
1582 1625 1783 1723 ’palam
1813 1644 1877 1686 se
1906 1626 2207 1704 proficisci
2238 1624 2310 1684 ad
2340 1623 2495 1686 Gae-

567 1725 762 1767 sarem
802 1706 1135 1777 simulavit3
1196 1707 1347 1767 clam
1402 1710 1632 1769 nuntiis
1671 1709 1756 1769 ad
1785 1709 2061 1770 Milonem
2100 1710 2328 1778 missis,
2381 1710 2494 1787 qui

567 1791 770 1853 Clodio
808 1790 1125 1852 interfecto
1165 1810 1238 1853 eo
1277 1794 1519 1853 nomine
1562 1802 1690 1856 erat
1729 1793 2070 1862 damnatus,
2112 1802 2288 1872 atque
2318 1809 2392 1853 eo
2421 1794 2492 1852 in

565 1875 795 1937 Italiam
835 1883 1106 1950 evocato,
1156 1877 1315 1956 quod
1355 1879 1588 1955 magnis
1625 1877 1976 1939 muneribus
2015 1877 2170 1938 datis
2197 1876 2490 1955 gladiato-

563 1962 691 2021 riae
724 1960 985 2021 familiae
1012 1961 1305 2040 reliquias
1332 1961 1621 2033 habebat,
1654 1961 1772 2023 sibi
1801 1963 2112 2023 coniunxit
2139 1969 2317 2041 atque
2346 1978 2491 2022 eum

512 2052 545 2103 5
568 2046 633 2105 in
678 2044 1010 2106 Thurinum
1055 2045 1129 2105 ad
1170 2045 1567 2107 sollicitandos
1614 2054 1886 2125 pastores
1933 2047 2263 2124 praemisit.
2349 2044 2491 2124 Ipse

567 2147 704 2191 cum
736 2129 1058 2191 Casilinum
1087 2131 1365 2199 venisset,
1402 2148 1637 2210 unoque
1667 2138 1935 2211 tempore
1964 2133 2134 2209 signa
2165 2133 2298 2191 eius
2323 2127 2488 2190 mili-

564 2216 718 2277 taria
747 2220 923 2293 atque
954 2231 1127 2274 arma·
1139 2213 1372 2293 Capuae
1395 2222 1596 2276 essent
1621 2233 1971 2294 comprensa
1993 2222 2056 2275 et
2080 2215 2310 2275 familia
2329 2214 2488 2275 Nea-

562 2298 685 2377 poli
714 2299 868 2366 visa,
911 2314 1064 2375 quae
1104 2296 1514 2375 proditionem
1551 2299 1757 2379 oppidi
1787 2306 2131 2379 appararet,
2174 2299 2489 2378 patefactis

564 2380 832 2441 consiliis
862 2380 1137 2441 exclusus
1166 2378 1365 2461 Capua
1396 2390 1456 2443 et
1483 2382 1813 2463 periculum
1842 2385 2092 2453 veritus,
2142 2382 2301 2461 quod
2343 2401 2486 2443 con-

564 2472 777 2525 ventus
805 2481 970 2524 arma
999 2473 1241 2544 ceperat
1271 2473 1447 2546 atque
1477 2485 1617 2528 eum
1645 2466 1835 2529 hostis
1860 2467 1992 2528 loco
2020 2466 2360 2528 habendum
2383 2484 2488 2527 ex·

561 2547 884 2619 istimabat,
915 2549 1166 2610 consilio
1193 2551 1425 2613 destitit
1452 2559 1627 2632 atque
1657 2569 1729 2612 eo
1757 2553 1976 2613 itinere
2006 2569 2137 2612 sese
2167 2552 2399 2612 avertit.

511 2642 542 2691 1
691 2631 877 2694 XXH.
921 2625 1170 2695 Interim
1190 2634 1329 2697 Milo
1359 2636 1621 2697 dimissis
1647 2637 1876 2697 circum
1895 2637 2221 2736 municipia
2241 2635 2484 2707 litteris,

561 2732 628 2780 se
656 2735 757 2788 ea,
799 2736 951 2797 quae
978 2719 1235 2790 faceret,
1278 2722 1446 2781 iussu
1489 2727 1663 2800 atque
1698 2722 1958 2799 imperio
1987 2722 2184 2781 facere
2213 2719 2484 2799 Pompei,

567 2819 720 2882 quae
749 2803 1023 2865 mandata
1054 2805 1128 2865 ad
1159 2822 1222 2865 se
1252 2822 1364 2883 per
1391 2803 1717 2866 Vibullium
1749 2804 1941 2867 delata
1970 2812 2198 2873 essent,
2230 2822 2381 2884 quos
2410 2820 2486 2864 ex

509 2895 542 2945 2
569 2905 708 2948 aere
739 2887 931 2949 alieno
950 2888 1225 2949 laborare
1250 2887 1675 2959 arbitrabatur,
1707 2888 2080 2950 sollicitabat.
2140 2888 2313 2967 Apud
2336 2906 2488 2968 quos

564 2989 702 3032 cum
729 2973 1024 3051 proficere
1055 2972 1206 3034 nihil
1236 2981 1467 3053 posset,
1527 2972 1882 3052 quibusdam
1926 2974 2135 3034 solutis
2164 2972 2488 3050 ergastulis

564 3055 773 3117 Cosam
825 3058 890 3116 in
940 3074 1085 3135 agro
1133 3056 1404 3118 Thurino
1450 3074 1796 3136 oppugnare
1848 3060 2068 3137 coepit,
2151 3055 2239 3117 Eo
2282 3074 2420 3118 cum
2449 3074 2486 3119 a

561 3138 631 3210 Q.
684 3140 867 3201 Pedio
919 3148 1196 3220 praetore
1250 3158 1387 3203 cum
1444 3140 1677 3218 legione
1770 3185 2221 3211 ..........
2285 3140 2485 3221 lapide

507 3231 538 3281 Β
560 3225 725 3299 ictus⁴
744 3242 817 3285 ex
846 3242 1016 3285 muro
1043 3225 1249 3304 periit.
1319 3224 1397 3285 Et
1425 3225 1663 3286 Coelius
1688 3225 2022 3304 profectus,
2053 3234 2120 3286 ut
2148 3222 2483 3295 dictitabat,

562 3309 636 3369 ad
678 3308 991 3369 Caesarem
1029 3309 1306 3387 pervenit
1342 3307 1621 3369 Thurios.
1692 3308 1809 3370 Ubi
1849 3328 1986 3371 cum
2026 3309 2312 3388 quosdam
2351 3310 2487 3371 eius

558 3393 874 3470 municipii
914 3392 1267 3453 sollicitaret
1305 3393 1729 3473 equitibusque
1769 3393 2045 3455 Caesaris
2083 3393 2268 3455 Gallis
2305 3402 2484 3472 atque

560 3475 872 3553 Hispanis,
915 3478 1017 3553 qui
1058 3494 1128 3537 eo
1169 3477 1460 3555 praesidii
1501 3495 1677 3540 causa
1717 3479 1887 3539 missi
1922 3485 2125 3547 erant,
2168 3478 2484 3557 pecuniam

506 3569 542 3617 4
559 3559 976 3640 polliceretur,
1017 3559 1090 3621 ab
1120 3560 1217 3622 his
1245 3568 1339 3622 est
1364 3563 1739 3623 interfectus,
1816 3561 1904 3623 lta
1932 3579 2281 3638 magnarum
2308 3562 2483 3623 initia
