2750 4255
530 275 535 279 ⁴
625 310 714 377 4ο
1270 315 1368 372 ΒΕ
1410 315 1641 372 BELLo
1687 314 1906 372 cmm

575 490 609 540 2
631 489 857 545 semoto
898 501 929 542 a
969 480 1266 544 militibus
1301 483 1456 544 loco.
1527 480 1645 544 Ubi
1684 481 1749 543 id
1789 500 1823 542 a
1853 481 2107 544 Caesare
2148 490 2444 560 negatum
2497 488 2583 554 et,

627 567 824 647 palam
864 568 917 627 si
956 565 1212 645 colloqui
1252 566 1500 637 vellent,
1544 584 1894 626 concessum
1936 573 2057 637 est,
2104 566 2282 628 datur
2326 566 2586 628 obsidis

628 652 760 713 loco
790 649 1031 713 Caesari
1060 650 1219 713 filius
1248 651 1502 713 Afranii.
1563 649 1814 711 Venitur
1843 652 1908 710 in
1937 659 2075 711 eum
2106 651 2330 720 locum,
2376 668 2582 729 quem

575 742 610 793 8
633 734 850 797 Caesar
878 735 1117 814 delegit.
1174 735 1470 796 Audiente
1501 741 1756 814 utroque
1786 736 2057 795 exercitu
2088 734 2355 814 loquitur
2384 736 2584 796 Afra·

628 822 794 882 nius:
878 818 1011 879 Non
1051 836 1184 880 esse
1234 823 1339 880 aut
1380 819 1532 897 ipsis
1574 825 1677 879 aut
1728 816 2021 879 militibus
2060 819 2582 888 succensendum,

631 903 789 981 quod
831 903 1010 964 fidem
1052 919 1194 981 erga
1233 906 1657 981 imperatorem
1689 920 1862 963 suum
1894 903 1999 964 Cn.
2030 902 2384 982 Pompeium
2419 921 2585 964 con·

573 996 609 1045 4
631 1005 870 1049 servare
900 985 1213 1047 voluerint.
1286 985 1406 1047 Sed
1446 988 1590 1047 satis
1627 988 1749 1047 iam
1789 987 2008 1047 fecisse
2052 987 2250 1047 officio
2293 988 2585 1067 satisque

627 1071 907 1151 supplicii
930 1070 1158 1131 tulisse.
1207 1070 1534 1149 Perpessos
1550 1072 1816 1131 omnium
1836 1087 2042 1130 rerum
2067 1071 2363 1149 inopiam;
2395 1088 2584 1133 nunc

632 1173 775 1217 vero
803 1171 995 1233 paene
1019 1161 1087 1216 ut
1113 1155 1273 1214 feras
1292 1156 1788 1217 circummunitos
1808 1154 2121 1234 prohiberi
2152 1172 2323 1233 aqua,
2347 1156 2584 1235 prohi-

634 1240 768 1301 beri
799 1240 1094 1317 ingressu,
1125 1255 1317 1317 neque
1348 1256 1604 1318 corpore
1633 1238 1899 1299 dolorem
1929 1255 2122 1317 neque
2154 1241 2352 1299 animo
2384 1242 2581 1317 igno-

575 1330 609 1380 5
632 1324 876 1386 miniam
904 1323 1067 1384 ferre
1098 1333 1293 1402 posse.
1364 1322 1574 1401 Itaque
1604 1341 1667 1383 se
1698 1324 1883 1383 victos
1917 1323 2216 1384 confiteri:
2262 1340 2446 1383 orare
2484 1330 2580 1384 at-

632 1426 747 1488 que
778 1406 1114 1478 obsecrare,
1148 1408 1201 1467 si
1233 1408 1336 1485 qui
1378 1406 1545 1466 locus
1572 1407 2023 1468 misericordiae
2051 1406 2458 1486 relinquatur,
2498 1425 2579 1468 ne

630 1493 706 1554 ad
750 1491 1026 1553 ultimum
1065 1490 1422 1570 supplicium
1453 1490 1735 1569 progredi
1778 1507 2023 1551 necesse
2052 1490 2335 1552 habeant.
2395 1491 2578 1552 Haec

634 1593 812 1656 quam
842 1581 1039 1655 potest
1067 1574 1492 1634 demississime
1523 1580 1583 1634 et
1612 1572 2052 1636 subiectissime
2082 1576 2342 1654 exponit.

756 1656 1041 1719 LXXXV.
1106 1657 1195 1718 Ad
1225 1674 1296 1716 ea
1325 1656 1542 1718 Caesar
1569 1657 1910 1737 respondit:
1964 1657 2123 1720 Nulli
2153 1661 2422 1720 omnium
2458 1660 2573 1720 has

633 1743 825 1823 partis
845 1741 939 1802 vel
970 1742 1380 1817 querimoniae
1402 1740 1497 1802 vel
1525 1743 1930 1805 miserationis
1955 1745 2155 1806 minus
2185 1746 2572 1821 convenisse,

577 1834 611 1883 2
631 1826 918 1902 Reliquos
947 1826 1108 1885 enim
1137 1826 1332 1885 omnis
1360 1826 1626 1887 officium
1655 1844 1830 1888 suum
1870 1830 2272 1907 praestitisse:
2313 1843 2408 1904 se,
2459 1829 2568 1905 qui

633 1911 813 1972 etiam
846 1908 1002 1970 bona
1032 1908 1414 1981 condicione,
1457 1917 1518 1972 et
1555 1910 1685 1972 loco
1715 1918 1777 1972 et
1817 1920 2086 1992 tempore
2128 1930 2317 1992 aequo
2346 1912 2569 1974 confli-

630 2012 774 2074 gere
789 1994 1065 2063 noluerit,
1080 1999 1146 2053 ut
1167 2011 1344 2073 quam
1365 1997 1763 2074 integerrima
1777 2004 1979 2057 essent
2001 1997 2076 2058 ad
2098 2015 2308 2075 pacem
2321 1997 2567 2066 omnia3

632 2079 963 2142 exercitum
993 2095 1188 2150 suum,
1207 2080 1323 2159 qui
1352 2080 1579 2144 iniuria
1608 2082 1789 2143 etiam
1820 2087 2063 2160 accepta
2093 2082 2336 2158 suisque
2369 2083 2565 2142 inter·

629 2165 825 2233 fectis,
858 2182 1007 2243 quos
1035 2165 1100 2224 in
1121 2182 1229 2225 sua
1258 2171 1552 2243 potestate
1579 2164 1883 2233 habuerit,
1904 2166 2272 2224 conservarit
2301 2171 2362 2223 et
2392 2172 2564 2225 texe·

632 2251 749 2319 rit;
779 2247 938 2309 illius
968 2247 1223 2328 denique
1254 2253 1558 2310 exercitus
1584 2248 1840 2316 milites,
1881 2250 1986 2326 qui
2015 2264 2126 2325 per
2154 2263 2219 2304 se
2251 2244 2324 2305 de
2353 2251 2562 2309 conci·

628 2332 829 2394 lianda
879 2349 1025 2411 pace
1070 2331 1333 2409 egerint,
1386 2350 1502 2411 qua
1553 2333 1616 2391 in
1666 2348 1735 2390 re
1788 2332 2055 2390 omnium
2104 2345 2347 2389 suorum
2400 2335 2560 2393 vitae

577 2424 612 2473 8
636 2414 1062 2478 consulendum
1102 2417 1390 2495 putarint.
1472 2414 1573 2475 Sic
1612 2413 1878 2474 omnium
1926 2413 2202 2474 ordinum
2252 2416 2446 2493 partis
2500 2419 2558 2476 in

632 2501 1046 2562 misericordia
1077 2500 1449 2568 constitisse,
1495 2499 1662 2577 ipsos
1691 2497 1875 2558 duces
1901 2516 1935 2559 a
1962 2515 2110 2576 pace
2139 2496 2558 2568 abhorruisse;

633 2604 737 2647 eos
767 2602 961 2664 neque
992 2583 1251 2660 colloqui
1279 2599 1476 2659 neque
1507 2581 1922 2641 indutiarum
1904 2599 2038 2643 iura
2061 2599 2326 2643 servasse
2357 2590 2420 2643 et
2449 2584 2555 2644 ho-

635 2673 831 2732 mines
860 2669 1174 2746 imperitos
1201 2672 1263 2726 et
1305 2683 1415 2743 per
1445 2663 1803 2742 colloquium
1834 2665 2112 2745 deceptos
2139 2666 2557 2732 crudelissime

578 2760 612 2809 4
634 2752 1031 2814 interfecisse.
1102 2748 1404 2809 Accidisse
1434 2749 1617 2827 igitur
1645 2748 1759 2819 his,
1791 2750 1948 2828 quod
1976 2750 2326 2831 plerumque
2355 2750 2557 2812 homi·

629 2853 775 2898 num
813 2835 999 2895 nimia
1039 2830 1368 2910 pertinacia
1418 2839 1594 2911 atque
1648 2836 1986 2910 arrogantia
2027 2835 2301 2895 accidere
2346 2834 2550 2902 soleat,

634 2921 723 2981 uti
753 2936 824 2981 eo
851 2922 1172 2978 recurrant
1200 2922 1261 2976 et
1280 2916 1341 2976 id
1365 2916 1748 2996 cupidissime
1777 2925 2000 2997 petant,
2024 2919 2183 2999 quod
2212 2919 2388 2998 paulo
2414 2925 2553 2979 ante

577 3013 612 3062 5
632 3001 1120 3080 contempserint.
1192 2999 1398 3080 Neque
1427 3019 1586 3064 nunc
1614 3020 1679 3063 se
1721 3001 1962 3063 illorum
1991 3002 2325 3064 humilitate
2355 3018 2551 3081 neque

630 3084 828 3166 aliqua
878 3085 1168 3162 temporis
1217 3087 1660 3165 opportunitate
1711 3087 2039 3166 postulare,
2100 3085 2320 3166 quibus
2369 3085 2552 3147 rebus

630 3187 776 3249 opes
804 3174 1135 3247 augeantur
1162 3187 1337 3240 suae;
1380 3169 1486 3230 sed
1528 3187 1631 3231 eos
1673 3173 2001 3242 exercituS,
2047 3189 2199 3251 quos
2235 3177 2447 3232 contra
2488 3185 2548 3229 se

575 3263 609 3313 o
633 3253 850 3315 multos
880 3255 999 3315 iam
1030 3270 1216 3314 annos
1244 3253 1522 3324 aluerint,
1553 3253 1704 3315 velle
1735 3254 1978 3317 dimitti.
2052 3254 2261 3334 Neque
2290 3255 2450 3314 enim
2478 3263 2549 3313 Ἦ

628 3339 897 3415 legiones
926 3336 1039 3397 alia
1080 3336 1153 3397 de
1184 3354 1361 3398 causa
1390 3339 1603 3399 missas
1641 3339 1704 3398 in
1736 3338 2085 3418 Hispaniam
2120 3339 2549 3421 septimamque

628 3421 718 3483 ibi
759 3423 1184 3501 conscriptam,
1226 3439 1423 3500 neque
1452 3427 1540 3483 tot
1578 3428 1892 3503 tantasque
1934 3423 2144 3485 classis
2182 3428 2420 3501 paratas
2448 3438 2545 3481 ne·

574 3514 607 3563 ’1
632 3524 747 3586 que
777 3505 1104 3567 submissos
1132 3505 1316 3566 duces
1355 3507 1449 3566 rei
1488 3506 1763 3566 militaris
1801 3509 2051 3587 peritos.
2138 3505 2303 3566 Nihil
2341 3505 2547 3566 horum

628 3589 704 3651 ad
742 3589 1041 3671 pacandas
1070 3590 1420 3669 Hispanias,
1463 3590 1615 3652 nihil
1657 3590 1730 3651 ad
1773 3608 1947 3652 usum
1979 3591 2327 3674 provinciae
2355 3588 2544 3670 provi·
