2750 4255
582 267 711 335 104
1221 271 1319 329 DE
1359 271 1593 329 BELLO
1639 271 1857 329 CIVILI

583 439 1030 509 demorandum,
1060 456 1256 518 neque
1288 440 1574 518 consequi
1604 440 1816 518 potuit,
1854 436 2012 517 quod
2043 438 2296 500 multum
2327 455 2523 517 expe·

525 531 563 581 4
585 525 707 585 dito
737 526 955 585 itinere
999 529 1400 584 antecesserat
1429 522 1664 584 Caesar.
1738 522 1856 583 Sed
1898 540 2033 582 cum
2063 530 2307 583 ventum
2348 529 2524 583 esset

585 608 658 670 ad
687 607 909 670 flumen
939 607 1263 677 Genusum,
1297 606 1455 686 quod
1495 608 1649 686 ripis
1678 613 1803 667 erat
1844 607 2173 685 impeditis,
2218 624 2521 668 consecu-

529 700 562 753 ὅ
586 700 679 754 tus
724 695 1021 772 equitatus
1068 693 1423 752 novissimos
1471 691 1702 770 proelio
1753 689 2081 751 detinebat.
2160 690 2316 751 Huic
2367 708 2525 751 suos

583 777 800 840 Caesar
839 778 1073 856 equites
1124 777 1402 855 opposuit
1452 775 1879 854 expeditosque
1931 777 2351 853 antesignanos
2407 775 2519 835 ad-

584 863 829 923 miscuit
857 871 1046 930 0000,
1079 862 1181 939 qui
1213 866 1444 921 tantum
1473 860 1878 938 profecerunt,
1924 866 1992 919 ut
2019 861 2284 939 equestri
2328 875 2520 938 proe-

581 945 663 1006 lio
694 947 1012 1006 commisso
1041 943 1336 1023 pellerent
1365 961 1572 1005 omnes
1605 943 2058 1023 compluresque
2098 944 2523 1004 interficerent

583 1031 821 1110 ipsique
852 1028 1179 1088 incolumes
1208 1046 1273 1088 se
1303 1027 1378 1088 ad
1410 1045 1623 1105 agmen
1652 1030 2015 1107 reciperent.

533 1119 564 1170 ι
711 1111 968 1173 LXXVI.
1041 1111 1323 1173 Confecto
1364 1115 1525 1172 iusto
1566 1113 1781 1173 itinere
1817 1113 1949 1172 eius
1979 1112 2133 1181 diei,
2179 1111 2336 1191 quod
2366 1129 2518 1190 pro-

583 1204 865 1277 posuerat
908 1196 1152 1264 Caesar,
1195 1196 1583 1273 traductoque
1624 1196 1893 1257 exercitu
1932 1195 2157 1257 flumen
2200 1195 2515 1256 Genusum

583 1279 659 1343 in
686 1279 991 1341 veteribus
1020 1283 1147 1341 suis
1169 1282 1381 1341 castris
1406 1287 1613 1341 contra
1635 1281 2024 1360 Asparagium
2047 1280 2317 1341 consedit
2347 1279 2514 1340 mili-

582 1373 792 1445 tesque
823 1381 1030 1426 omnes
1058 1367 1217 1425 intra
1238 1363 1455 1425 vallum
1476 1371 1805 1426 castrorum
1824 1366 2119 1425 continuit
2147 1366 2512 1444 equitatum-

586 1468 702 1530 que
733 1467 844 1529 per
876 1467 1113 1510 causam
1142 1448 1470 1528 pabulandi
1515 1450 1799 1510 emissum
1829 1450 2146 1510 confestim
2177 1447 2513 1510 decumana

525 1540 558 1590 2
582 1541 753 1613 porta
796 1535 862 1593 in
903 1540 1100 1593 castra
1139 1550 1206 1593 se
1243 1535 1520 1611 recipere
1563 1534 1756 1594 iussit.
1832 1532 2027 1593 Simili
2067 1534 2300 1594 ratione
2329 1531 2507 1592 Pom-

585 1618 758 1697 peius
789 1617 1060 1676 confecto
1102 1619 1232 1677 eius
1273 1617 1396 1677 diei
1435 1616 1651 1677 itinere
1690 1619 1756 1677 in
1796 1619 1923 1677 suis
1950 1616 2255 1679 veteribus
2294 1617 2509 1677 castris

530 1706 565 1757 8
589 1700 663 1761 ad
701 1700 1094 1779 Asparagium
1133 1700 1419 1762 consedit.
1506 1700 1651 1762 Eius
1691 1701 1934 1770 milites,
1988 1701 2145 1783 quod
2198 1699 2271 1762 ab
2323 1718 2506 1780 opere

583 1786 838 1862 integris
865 1783 1300 1846 munitionibus
1338 1784 1658 1855 vacabant,
1703 1785 1805 1847 alii
1845 1785 2114 1863 lignandi
2153 1784 2505 1865 pabulandi·

584 1887 700 1949 que
732 1887 911 1930 causa
937 1868 1175 1947 longius
1204 1868 1764 1949 progrediebantur,
1796 1870 1918 1941 alii,
1945 1871 2103 1949 quod
2134 1869 2333 1948 subito
2363 1887 2505 1930 con-

584 1953 784 2015 silium
805 1955 1195 2033 profectionis
1207 1961 1495 2034 ceperant
1515 1971 1729 2032 magna
1750 1960 1920 2031 parte
1945 1955 2507 2034 impedimentorum

586 2045 647 2099 et
675 2040 1048 2099 sarcinarum
1076 2038 1306 2109 relicta,
1337 2038 1411 2099 ad
1451 2039 1600 2098 haec
1629 2038 1957 2118 repetenda
1996 2038 2229 2100 invitati
2258 2040 2504 2117 propin·

585 2123 810 2201 quitate
853 2125 1228 2202 superiorum
1273 2130 1605 2183 castrorum
1656 2122 1946 2202 depositis
1993 2125 2057 2184 in
2107 2121 2505 2185 contubernio

532 2213 570 2263 4
590 2210 772 2268 armis
799 2207 1016 2268 vallum
1043 2206 1484 2285 relinquebant.
1553 2205 1784 2277 Quibus
1822 2207 1897 2268 ad
1936 2209 2307 2288 sequendum
2335 2210 2504 2286 inpe-

585 2291 726 2352 ditis
756 2291 1006 2360 Caesar,
1047 2290 1206 2371 quod
1234 2291 1365 2352 fore
1396 2292 1773 2371 providerat,
1817 2292 2153 2353 meridiano
2193 2294 2323 2353 fere
2353 2299 2504 2352 tem·

583 2393 731 2455 pore
760 2376 934 2452 signo
974 2374 1363 2452 profectionis
1406 2375 1543 2436 dato
1574 2378 1900 2437 exercitum
1939 2376 2142 2437 educit
2176 2376 2504 2456 duplicato·

586 2477 702 2538 que
734 2460 866 2519 eius
907 2459 1030 2518 diei
1072 2460 1291 2519 itinere
1320 2472 1453 2520 vm
1491 2460 1660 2521 milia
1694 2478 1975 2539 passuum
2004 2480 2078 2521 ex
2110 2478 2180 2521 eo
2207 2460 2338 2521 loco
2364 2478 2504 2539 pro-

588 2543 776 2613 cedit;
808 2542 964 2621 quod
992 2544 1190 2604 facere
1221 2543 1543 2624 Pompeius
1571 2544 1834 2606 discessu
1856 2546 2117 2607 militum
2137 2564 2258 2607 non
2286 2546 2503 2624 potuit.

533 2634 564 2685 1
713 2626 997 2688 LXXVII.
1081 2627 1330 2689 Postero
1390 2628 1486 2689 die
1547 2628 1767 2690 Caesar
1823 2630 2105 2691 similiter
2160 2630 2505 2709 praemissis

583 2712 778 2790 prima
807 2718 982 2772 nocte
1012 2713 1457 2791 impedimentis
1499 2713 1571 2773 de
1613 2721 1826 2792 quarta
1853 2715 2057 2792 vigilia
2096 2716 2226 2794 ipse
2270 2713 2502 2791 egredi·

584 2802 702 2874 tur,
733 2803 818 2868 ut,
862 2798 915 2857 si
945 2814 1062 2877 qua
1104 2804 1262 2858 esset
1287 2799 1569 2876 imposita
1610 2797 1931 2859 dimicandi
1961 2800 2306 2868 necessitas,
2338 2796 2502 2858 subi-

586 2886 713 2941 tum
744 2898 956 2948 casum,
979 2882 1253 2961 expedito
1285 2883 1555 2942 exercitu
1584 2881 1838 2942 subiret.
1908 2882 2033 2943 Hoc
2062 2883 2221 2943 idem
2251 2880 2501 2958 reliquis

528 2964 727 3026 2fecit
755 2964 989 3026 diebus,
1059 2964 1289 3037 Quibus
1330 2964 1515 3026 rebus
1556 2967 1890 3045 perfectum
1930 2973 2048 3035 est,
2089 2973 2156 3027 ut
2199 2966 2502 3028 altissimis

583 3048 930 3111 fluminibus
958 3056 1133 3130 atque
1164 3049 1640 3128 impeditissimis
1667 3049 1985 3111 itineribus
2012 3050 2241 3112 nullum
2270 3052 2499 3129 accipe·

529 3141 562 3189 3
585 3140 683 3193 ret
719 3134 1183 3194 incommodum.
1253 3133 1578 3212 Pompeius
1617 3135 1798 3213 primi
1842 3134 1961 3195 diei
2010 3153 2179 3197 mora
2220 3134 2402 3196 inlata
2441 3141 2502 3195 et

583 3216 952 3297 reliquorum
993 3217 1228 3277 dierum
1265 3218 1490 3277 frustra
1531 3216 1734 3279 labore
1766 3226 2075 3299 suscepto,
2119 3237 2255 3280 cum
2287 3237 2351 3280 se
2378 3236 2497 3280 ma.-

582 3304 718 3379 gnis
758 3300 1080 3363 itineribus
1120 3300 1469 3362 extenderet
1499 3309 1559 3362 et
1598 3319 1983 3381 praegressos
2011 3305 2294 3380 consequi
2324 3318 2497 3379 cupe-

581 3393 694 3456 ret,
727 3392 939 3466 quarto
969 3384 1065 3444 die
1096 3386 1274 3445 finem
1303 3387 1595 3466 sequendi
1623 3388 1770 3447 fecit
1799 3393 1974 3466 atque
2006 3387 2166 3449 aliud
2213 3386 2333 3448 sibi
2361 3404 2497 3447 con-

583 3470 783 3531 silium
813 3468 1167 3546 capiendum
1198 3471 1582 3531 existimavit.
1879 3473 1884 3474 ⁷

527 3560 556 3612 1
710 3551 1020 3614 LXXVIII.
1074 3552 1315 3614 Caesari
1347 3554 1420 3615 ad
1453 3556 1683 3615 saucios
1712 3555 2109 3635 deponendos,
2141 3554 2495 3635 stipendium

570 3873 601 3934 ἒ

602 3935 801 4138 Ἀ
