2750 4255
578 305 662 373 88
1225 309 1323 366 DE
1364 308 1610 365 BELLO·
1640 302 1860 366 mvm

579 481 754 561 peius
779 478 938 539 enlm
980 477 1175 557 primo
1203 478 1490 554 ignorans
1516 476 1650 537 eius
1686 475 2027 546 consilium,
2068 476 2225 557 quod
2262 474 2520 538 diverso

580 563 655 626 ab
695 581 767 624 ea
806 564 1053 641 regione
1103 563 1320 622 itinere
1371 561 1710 640 profectum
1750 560 2018 631 videbat,
2076 562 2371 642 angustiis
2409 565 2520 624 rei

577 649 1010 710 frumentariae
1052 645 1424 725 compulsum
1465 644 1812 706 discessisse
1844 646 2251 719 existimabam
2292 653 2521 725 postea

523 821 558 871 5
578 751 690 877 ger
717 731 1128 876 exploriatrtores3
1152 730 1613 875 cemssgffffi
1646 736 1930 875 &stege
1917 730 2020 791 die
2061 739 2257 793 castra
2283 733 2520 884 ,ιιὸονίιᾶ

621 833 856 877 renore
957 833 1094 876 mer
1168 833 1234 875 se
1980 833 2011 875 s
2052 833 2249 877 eram.
2381 833 2466 875 uo

575 903 707 963 sore
748 901 1079 980 suspicatus
1117 898 1334 960 Caesar
1384 899 1723 978 militesque
1757 833 2142 970 {dhonalt'um
2191 906 2258 961 ut
2309 915 2521 978 aequo

577 988 779 1047 animo
817 983 1083 1045 laborem
1112 983 1341 1044 ferrent
1356 1029 1372 1052 ,
1415 1000 1595 1062 parva
1639 989 1808 1061 parte
1839 985 2034 1044 noctis
2061 985 2283 1045 itinere
2309 984 2518 1045 inter-

579 1071 765 1131 misso
813 1085 988 1128 mane
1037 1066 1477 1146 Dyrrhachium
1523 1068 1715 1137 venit,
1775 1084 1912 1127 cum
1969 1069 2230 1147 primum
2287 1083 2519 1145 agmen

579 1153 825 1231 Pompei
857 1152 1066 1231 procul
1097 1159 1469 1220 cerneretur,
1501 1158 1678 1231 atque
1706 1149 1799 1211 ibi
1828 1160 2024 1212 castra
2050 1154 2267 1231 posuit.

528 1242 558 1291 ι
706 1235 1001 1298 ΧΧΧΧΠ.
1062 1236 1385 1315 Pompeius
1409 1236 1774 1297 interclusus
1799 1235 2187 1316 Dyrrhachio,
2222 1235 2329 1296 ubi
2359 1251 2516 1317 pro-

575 1323 837 1401 positum
874 1328 1084 1381 tenere
1126 1338 1246 1380 non
1286 1321 1512 1399 potuit,
1563 1319 1825 1380 seeundo
1866 1337 2010 1380 usus
2049 1319 2300 1381 consilio
2339 1320 2516 1382 edito

578 1406 738 1476 loco,
782 1407 887 1485 qui
917 1405 1250 1485 appellatur
1276 1402 1457 1464 Petra
1487 1403 1833 1483 aditumque
1875 1403 2058 1465 habet
2094 1403 2349 1465 navibus
2373 1422 2513 1464 me-

578 1483 847 1551 diocrem
883 1496 1062 1568 atque
1104 1505 1207 1549 eas
1253 1506 1288 1548 a
1325 1487 1683 1566 quibusdam
1733 1488 1993 1567 protegit
2030 1490 2254 1558 ventis,
2308 1494 2511 1550 castra

520 1576 555 1627 2
578 1573 925 1641 communit.
983 1572 1071 1632 Eo
1099 1578 1332 1651 partem
1362 1573 1603 1633 navium
1640 1570 1951 1649 longarum
1979 1574 2330 1643 convenire,
2371 1574 2510 1633 sru-

576 1663 844 1718 mentum
875 1661 1385 1734 commeatumque
1424 1653 1506 1714 ab·
1527 1656 1668 1716 Asia
1709 1662 1887 1735 atque
1925 1655 2203 1717 omnibus
2240 1658 2506 1735 regioni·-

523 1743 556 1792 8
578 1739 722 1808 hus,
764 1756 913 1818 quas
953 1737 1224 1805 tenebat,
1269 1740 1633 1818 comportari
1670 1740 1949 1818 imperat.
2010 1740 2231 1802 Caesar
2266 1740 2508 1818 longius

576 1822 802 1884 bellum
834 1823 1077 1884 ductum
1115 1823 1196 1883 iri
1238 1824 1583 1884 existimans
1613 1829 1674 1883 et
1714 1823 1787 1884 de
1816 1822 2041 1885 Italicis
2071 1824 2507 1886 commeatibus

578 1908 924 1988 desperans,
957 1907 1113 1988 quod
1141 1915 1307 1969 tanta
1337 1907 1647 1986 diligentia
1679 1909 1878 1968 omnia
1917 1908 2092 1969 litora
2127 1926 2161 1969 a
2190 1908 2506 1988 Pompeia-

574 1994 672 2053 nis
713 1991 1070 2053 tenebantur
1110 1992 1450 2072 classesque
1481 1993 1699 2071 ipsius,
1743 2009 1891 2070 quas
1929 1991 2125 2053 hieme
2166 1993 2233 2054 in
2274 1992 2504 2062 Sicilia,

576 2076 785 2149 Gallia,
816 2076 984 2139 Italia
1013 2078 1255 2147 fecerat,
1286 2074 1694 2147 morabantur,
1725 2076 1787 2137 in
1817 2075 2069 2155 Epirum
2097 2077 2193 2138 rei
2234 2077 2506 2138 frumen-

575 2165 765 2223 tariae
806 2180 983 2222 causa
1022 2159 1093 2232 Q.
1123 2161 1368 2222 Tillium
1409 2167 1472 2222 et
1520 2160 1587 2221 L.
1622 2160 1968 2222 Canuleium
2018 2160 2280 2239 legatum
2318 2163 2502 2231 misit,

577 2246 855 2325 quodque
894 2245 1008 2306 hae
1048 2247 1329 2322 regiones
1367 2244 1619 2306 aberant:
1655 2244 1924 2321 longiuS,
1964 2243 2110 2306 locis
2150 2249 2340 2307 certis·
2360 2246 2504 2306 hor-

577 2347 683 2390 rea
725 2328 1037 2388 constituit
1074 2336 1468 2406 vecturasque
1512 2329 1804 2389 frumenti
1851 2330 2124 2390 finitimis
2162 2329 2505 2392 civitatibus

523 2413 560 2463 4
581 2412 913 2490 descripsit.
970 2410 1133 2471 Item'
1153 2411 1325 2472 Lisso
1353 2412 1772 2492 Parthinisque
1803 2420 1866 2473 et
1903 2412 2183 2476 omnibus
2221 2414 2502 2485 castellis»,

521 2497 556 2548 ὅ
580 2496 742 2575 quod
771 2501 930 2555 esset
957 2495 1265 2565 frumenti,
1290 2498 1568 2575 conquiri
1597 2498 1795 2558 iussit.
1852 2496 1926 2557 Id»
1949 2504 2081 2558 erat
2107 2500 2507 2578 perexiguum

574 2598 712 2640 cum
754 2580 945 2657 ipsius
984 2578 1113 2655 agri
1152 2587 1393 2649 natura,
1436 2580 1596 2659 quod
1637 2588 1777 2643 sunt
1815 2582 1944 2643 loca
1983 2600 2194 2661 aspera
2231 2589 2293 2643 et
2332 2601 2505 2643 mon-

575 2671 774 2733 tuosa,
831 2680 899 2724 ac
939 2663 1288 2743 plerumque
1329 2664 1635 2726 frumento
1687 2672 1942 2726 utuntur
1989 2668 2319 2745 inponam,
2373 2672 2506 2727 tum

576 2747 736 2827 quod
775 2745 1094 2826 Pompeius
1144 2747 1292 2809 haec
1344 2749 1690 2827 providerat
1731 2756 1793 2810 et
1832 2749 2247 2829 superioribus
2285 2749 2505 2812 diebus

574 2831 836 2912 praedae
891 2829 1022 2892 loco
1072 2831 1393 2893 Parthinos
1447 2833 1741 2894 habuerat
1790 2834 2272 2914 frumentumque
2323 2852 2504 2899 omno

576 2916 979 2996 conquisitum
1004 2915 1272 2995 spoliatis
1293 2916 1644 2997 effossisque
1667 2934 1875 2978 eorum
1894 2916 2173 2979 domibus
2198 2936 2309 2998 per
2330 2919 2502 2998 equi-

576 3008 672 3062 tes
700 3007 1116 3078 comportarat.

522 3087 552 3136 1
708 3083 1036 3145 XXXXIII.
1116 3083 1344 3155 Quibus
1396 3084 1579 3145 rebus
1628 3086 1880 3164 cognitis
1920 3084 2139 3147 Caesar
2185 3085 2502 3148 consilium

575 3171 737 3248 capit
765 3186 839 3229 ex
876 3168 993 3229 loci
1035 3177 1270 3230 natura.
1339 3168 1527 3229 Erant
1568 3170 1730 3230 enim
1759 3171 1989 3231 circum
2030 3178 2224 3231 castra
2252 3170 2501 3248 Pompei

577 3252 858 3331 permulti
901 3253 1049 3313 editi
1089 3259 1266 3333 atque
1310 3253 1511 3331 asperi
1543 3251 1745 3314 colles.
1814 3252 1938 3314 Hos
1980 3256 2242 3333 primum
2271 3256 2501 3334 praesi-

519 3341 554 3392 2
578 3337 695 3397 diis
724 3337 922 3396 tenuit
950 3335 1307 3416 castellaque
1336 3335 1425 3396 ibi
1456 3339 1805 3398 communit.
1863 3337 2027 3408 Inde,
2058 3344 2127 3399 ut
2154 3338 2272 3399 loci
2302 3338 2503 3398 cuius·

575 3439 691 3500 que
746 3426 956 3480 natura
1008 3419 1270 3489 serebat,
1325 3437 1402 3480 ex
1450 3421 1692 3482 castello
1742 3423 1805 3481 in
1857 3421 2164 3482 castellum
2214 3421 2504 3501 perducta

518 3511 554 3560 8
577 3505 910 3565 munitione
952 3503 1399 3565 circumvallare
1440 3504 1791 3586 Pompeium
1839 3506 2124 3576 instituit,
2180 3505 2329 3567 haec
2371 3524 2504 3584 spe·

454 3614 457 3618 ·
570 3596 775 3657 ctans,
830 3587 990 3668 quod
1033 3595 1281 3668 angusta
1319 3607 1391 3650 re
1429 3591 1826 3652 frumentaria
1864 3588 2174 3661 utebatur,
2227 3588 2505 3671 quodque
