2750 4255
628 329 854 387 COMM.
883 330 926 387 1.
969 328 1125 386 GAP.
1153 329 1756 388 LXXX—LXXXIIII.
2077 323 2164 389 39

219 497 331 560 Illi
365 504 426 559 et
453 497 654 576 inopia
681 495 885 577 pabuli
917 495 1184 566 adducti,
1232 503 1292 557 et
1322 513 1440 573 quo
1469 503 1670 557 essent
1697 495 1771 556 ad
1809 496 1874 556 id
1916 495 2160 576 expedi·
2183 501 2216 553 '1

218 585 442 651 tioreS,
475 583 672 644 omnia
702 583 1033 642 sarcinaria
1060 582 1327 642 iumenta
1359 582 1621 641 interfici
1650 579 1881 640 iubent.

363 663 651 730 LXXXII.
722 665 790 725 In
832 665 930 726 his
972 664 1257 743 operibus
1296 664 1681 744 consiliisque
1729 663 1979 725 biduum
2020 682 2159 725 con·
2186 673 2213 721 1

221 752 526 821 sumitur;
570 751 752 810 tertio
783 749 881 809 die
912 766 1124 826 magna
1162 751 1282 809 iam
1313 767 1452 828 pars
1480 751 1683 828 operis
1713 748 1983 809 Caesaris
2023 767 2162 827 pro-

222 843 522 896 cesserat.
582 833 679 894 Illi
706 833 1124 912 impediendae
1146 833 1414 910 reliquae
1438 835 1789 894 munitionis
1811 850 1987 893 causa
2016 832 2166 893 hora

222 920 486 982 circiter
515 930 672 980 V1111
711 920 882 995 signo
913 917 1051 978 dato
1090 916 1357 995 legiones
1398 918 1663 978 educunt
1704 919 2009 994 aciemque
2053 915 2164 977 sub

224 1004 454 1063 castris
482 1004 806 1063 instruunt.
860 1002 1074 1063 Caesar
1103 1002 1177 1062 ab
1202 1019 1383 1080 opere
1414 1002 1683 1078 legiones
1703 1007 1958 1071 revocat,
1991 1003 2159 1080 equi-
2182 1008 2215 1057 2

226 1092 428 1148 tatum
476 1104 713 1146 omnem
765 1088 1084 1146 convenire
1134 1085 1330 1156 iubet,
1389 1088 1578 1147 aciem
1627 1088 1903 1147 instruit:
1957 1092 2165 1146 contra

230 1171 583 1250 opinionem
614 1172 773 1230 enim
801 1170 1057 1247 militum
1099 1171 1434 1249 famamque
1466 1173 1731 1230 omnium
1760 1170 1948 1230 videri
1989 1188 2162 1249 proe-

229 1255 387 1318 lium
417 1253 717 1331 defugisse
745 1271 1028 1332 magnum
1058 1254 1482 1315 detrimentum
1514 1254 1841 1315 adferebat.
1895 1254 2013 1314 Sed
2043 1256 2160 1315 eis·
2182 1261 2216 1310 8

232 1339 377 1400 dem
406 1337 480 1398 de
511 1339 739 1407 causiS,
783 1354 936 1414 quae
966 1345 1104 1399 sunt
1133 1340 1437 1416 cognitae,
1482 1357 1600 1417 quo
1634 1341 1835 1398 minus
1875 1338 2163 1398 dimicare

230 1421 448 1493 vellet,
489 1422 868 1491 movebatur,
918 1429 1093 1501 atque
1136 1423 1248 1482 hoc
1290 1424 1472 1483 etiam
1513 1424 1730 1499 magiS,
1786 1420 1943 1497 quod
1986 1422 2163 1500 spatii

231 1506 502 1568 brevitas
533 1507 713 1568 etiam
740 1507 807 1566 in
833 1507 1034 1583 fugam
1057 1508 1348 1568 coniectis
1371 1507 1732 1567 adversariis
1759 1515 1879 1566 non‘
1910 1504 2163 1566 multum

235 1591 316 1651 ad
345 1608 635 1652 summam
663 1592 948 1652 victoriae
977 1593 1183 1651 iuvare
1213 1598 1466 1671 poterat.
1542 1590 1671 1652 Non
1701 1592 1863 1651 enim
1904 1590 2159 1669 amplius
2181 1596 2219 1646 4

237 1674 464 1754 pedum
493 1673 737 1738 milibus
765 1674 998 1736 duobus
1028 1674 1101 1736 ab
1132 1678 1349 1736 castris
1387 1683 1583 1737 castra
1626 1674 1944 1735 distabant.
2009 1673 2164 1734 Hinc

237 1760 391 1820 duas
419 1767 620 1837 partes
652 1761 811 1824 acies
839 1759 1212 1838 occupabant
1241 1760 1425 1830 duae;
1457 1761 1637 1820 tertia
1666 1758 1929 1828 vacabat,
1964 1758 2037 1819 ad
2070 1760 2163 1818 in·

238 1860 485 1906 cursum
533 1849 710 1919 atque
767 1845 1058 1921 impetum
1107 1844 1367 1904 militum
1427 1844 1656 1904 relicta.
1750 1842 1814 1902 Si
1867 1841 2165 1921 proelium
2185 1849 2220 1899 5

240 1927 747 1994 committeretur,
789 1928 1200 2004 propinquitas
1228 1934 1558 1987 castrorum
1581 1926 1839 1986 celerem
1870 1928 2167 2002 superatis

243 2021 320 2069 ex
348 2009 491 2085 fuga
522 2013 831 2085 receptum
862 2008 1060 2068 dabat.
1114 2009 1240 2069 Hac
1270 2009 1343 2069 de
1374 2027 1552 2069 causa
1576 2010 1966 2068 constituerat
1997 2010 2167 2083 signa

240 2090 646 2154 inferentibus
673 2093 975 2162 resistere,
1006 2092 1175 2170 prior
1204 2092 1436 2172 proelio
1467 2110 1586 2159 non
1617 2091 1933 2153 lacessere.

370 2175 690 2239 LXXXIII.
766 2176 939 2237 Acies
979 2183 1108 2237 erat
1149 2176 1469 2237 Afraniana
1507 2176 1724 2255 duplex
1762 2176 2064 2253 legionum
2092 2188 2159 2245 v,
2186 2185 2216 2235 1

245 2263 491 2325 tertium
529 2263 593 2320 in
637 2259 922 2321 subsidiis
961 2260 1166 2340 jocum
1206 2261 1426 2321 alariae
1468 2261 1744 2322 cohortes
1784 2258 2165 2330 obtinebant:

249 2346 520 2407 Caesaris
559 2345 809 2424 triplex;
851 2345 956 2406 sed
996 2347 1251 2424 primam
1292 2347 1480 2406 aciem
1523 2351 1845 2425 quaternae
1890 2344 2221 2404 cobortes2

248 2448 324 2490 ex
349 2443 397 2490 v
425 2429 763 2508 legionibus
791 2428 1104 2499 tenebant,
1137 2429 1245 2491 has
1273 2429 1671 2490 subsidiariae
1701 2437 1908 2490 ternae
1940 2435 2000 2488 et
2031 2446 2165 2489 rur-

251 2531 348 2575 sus
377 2513 527 2574 aliae
557 2514 804 2579 totidem
835 2532 977 2577 suae
1008 2516 1297 2592 cuiusque
1329 2514 1586 2591 legionis
1614 2512 2166 2592 subsequebantur;

250 2599 544 2674 sagittarii
572 2598 1025 2676 funditoresque
1055 2599 1250 2658 media
1292 2597 1754 2658 continebantur
1795 2599 1951 2667 acie,
2000 2599 2168 2675 equi-

250 2688 406 2743 tatus
427 2682 614 2743 latera
647 2682 939 2760 cingebat.
1013 2682 1147 2743 Tali
1173 2684 1466 2745 instructa
1497 2683 1626 2743 acie
1670 2690 1878 2742 tenere
1910 2686 2164 2760 uterque
2187 2690 2222 2738 3

251 2766 618 2847 propositum
647 2766 989 2827 videbatur:
1051 2766 1297 2837 Caesar,
1339 2785 1416 2827 ne
1446 2768 1564 2827 nisi
1593 2773 1833 2826 coactus
1873 2764 2169 2844 proelium

252 2851 678 2918 committeret,
730 2849 861 2919 ille,
916 2857 983 2912 ut
1033 2869 1215 2929 opera
1268 2851 1540 2913 Caesaris
1592 2850 1935 2929 impediret.
2023 2849 2170 2909 Pro-

254 2933 492 2993 ducitur
522 2939 648 2993 tum
676 2951 804 3004 reS,
850 2936 1126 3011 aciesque
1158 2936 1231 2995 ad
1277 2935 1420 2995 solis
1451 2952 1726 2994 occasum
1759 2934 2163 3002 continentum

253 3017 390 3078 inde
419 3019 660 3093 utrique
688 3019 754 3079 in
783 3025 980 3078 castra
1009 3019 1342 3078 discedunt.
1403 3017 1649 3078 Postero
1681 3018 1779 3077 die
1809 3016 2173 3076 munitiones
2192 3022 2226 3073 4

254 3102 555 3163 institutas
584 3101 798 3162 Caesar
836 3109 1008 3180 parat
1046 3103 1368 3180 perficere3
1412 3101 1498 3162 illi
1534 3101 1748 3162 vadum
1778 3100 2043 3160 fluminis
2072 3098 2170 3159 Si-

257 3187 407 3246 coris
436 3191 747 3264 temptare,
781 3187 832 3246 si
862 3188 1119 3246 transire
1147 3191 1406 3265 possent.
1480 3184 1608 3256 Qua
1647 3204 1715 3245 re
1758 3182 2168 3245 animadversa
2189 3191 2224 3241 5

257 3270 466 3331 Caesar
497 3269 823 3330 Germanos
851 3270 1000 3331 levis
1021 3278 1357 3331 armaturae
1382 3273 1768 3348 equitumque
1799 3275 2029 3348 partem
2059 3266 2171 3328 ssu-

256 3371 384 3414 men
414 3355 618 3415 traicit
649 3353 1010 3433 crebrasque
1041 3356 1106 3415 in
1134 3356 1288 3433 ripis
1317 3354 1619 3415 custodias
1650 3354 1930 3432 disponit.

370 3436 713 3499 LXXXIIII.
775 3437 1040 3503 Tandem
1071 3437 1349 3499 omnibus
1378 3437 1562 3499 rebus
1592 3438 1851 3508 obsessi,
1894 3444 2172 3516 quartum
2194 3445 2225 3495 1

257 3521 365 3581 iam
394 3521 554 3582 diem
584 3523 714 3583 sine
743 3522 961 3602 pabulo
991 3525 1244 3584 retentis
1273 3522 1572 3592 iumentiS,
1606 3540 1810 3601 aquae,
1854 3521 2171 3599 lignorum,

256 3604 530 3666 frumenti
562 3608 784 3688 inopia,
817 3607 1198 3688 conloquium
1226 3614 1459 3688 petunt,
1491 3614 1552 3668 et
1588 3606 1671 3677 id,
1705 3608 1755 3668 si
1799 3605 1933 3666 fieri
1961 3607 2173 3686 possit,
